timestamp,pair,exchange,amount,price,ethusd,perror,month,day,mean_daily_error,variance_daily
1557758178,ETH-DAI,oasis,9.536531,197.16,,,,,,
1557758178,ETH-DAI,oasis,10.0175585347765,197.16,,,,,,
1557758178,ETH-DAI,radarrelay,10,197.506184071653,,,,,,
1557758217,ETH-DAI,oasis,10.0130231404244,197.16,,,,,,
1557758217,ETH-DAI,radarrelay,10,197.416764236607,,,,,,
1557758273,ETH-DAI,oasis,500,197.16,,,,,,
1557758273,ETH-DAI,oasis,75,197.16,,,,,,
1557758296,ETH-DAI,paradex,9.67974,198.0538,,,,,,
1557758316,ETH-DAI,oasis,30,197.16,,,,,,
1557758326,ETH-DAI,oasis,6.707558224677,197.16,,,,,,
1557758326,ETH-DAI,oasis,25,197.16,,,,,,
1557758326,ETH-DAI,uniswap,2,197.656592741906,,,,,,
1557758326,ETH-DAI,uniswap,5.86292671599504,197.890748872404,,,,,,
1557758332,ETH-DAI,oasis,4.30419062659668,197.33,,,,,,
1557758332,ETH-DAI,oasis,35.6958093734033,198,,,,,,
1557758332,ETH-DAI,oasis,10.1129649473572,197.16,,,,,,
1557758332,ETH-DAI,oasis,10.6958093734033,197.33,,,,,,
1557758332,ETH-DAI,oasis,5.62419062659668,197.33,,,,,,
1557758332,ETH-DAI,oasis,17.4015369676516,197.16,,,,,,
1557758332,ETH-DAI,oasis,10,198,,,,,,
1557758332,ETH-DAI,radarrelay,10,199.387216902094,,,,,,
1557758332,ETH-DAI,radarrelay,17.3116529180005,198.183676902094,,,,,,
1557758332,ETH-DAI,ddex,16.32,197.65,,,,,,
1557758332,ETH-DAI,uniswap,37.3718639216907,199.186626902094,,,,,,
1557758349,ETH-DAI,airswap,100.907761631427,198.200809101796,,,,,,
1557758350,ETH-DAI,oasis,1.211380523876,198,,,,,,
1557758350,ETH-DAI,oasis,1.77218755975993,198,,,,,,
1557758350,ETH-DAI,oasis,1.71366138295069,198,,,,,,
1557758350,ETH-DAI,uniswap,18.2611260948498,198.569594381459,,,,,,
1557758371,ETH-DAI,oasis,10,198,,,,,,
1557758403,ETH-DAI,oasis,10.0233334128964,198,,,,,,
1557758403,ETH-DAI,oasis,18.3136585939546,198,,,,,,
1557758403,ETH-DAI,oasis,129.193376711218,198,,,,,,
1557758403,ETH-DAI,radarrelay,10,198.462001575349,,,,,,
1557758425,ETH-DAI,oasis,10,198,,,,,,
1557758436,ETH-DAI,oasis,10.0285342687669,198,,,,,,
1557758436,ETH-DAI,radarrelay,10,198.564978521585,,,,,,
1557758500,ETH-DAI,oasis,10.1010101010101,198,,,,,,
1557758522,ETH-DAI,airswap,100.911524149616,198.193419121756,,,,,,
1557758534,ETH-DAI,oasis,18.6482043243041,198,,,,,,
1557758551,ETH-DAI,oasis,0.99282423143742,198,,,,,,
1557758556,ETH-DAI,oasis,62.00532746837,198,,,,,,
1557758640,ETH-DAI,oasis,10,198,,,,,,
1557758640,ETH-DAI,oasis,10.0055658194523,198,,,,,,
1557758640,ETH-DAI,radarrelay,10,198.110203225155,,,,,,
1557758640,ETH-DAI,uniswap,0.070955194718756,199.217747983927,,,,,,
1557758642,ETH-DAI,oasis,126.262626262626,198,,,,,,
1557758649,ETH-DAI,oasis,1.01010101010101,198,,,,,,
1557758649,ETH-DAI,oasis,44.84350722,198,,,,,,
1557758654,ETH-DAI,oasis,10.0530326456069,198,,,,,,
1557758654,ETH-DAI,oasis,101.00813117153,198,,,,,,
1557758654,ETH-DAI,radarrelay,10,199.050046383017,,,,,,
1557758680,ETH-DAI,oasis,0.96120627129196,198,,,,,,
1557758680,ETH-DAI,oasis,0.878787878787879,198,,,,,,
1557758685,ETH-DAI,oasis,40.0517806296027,198,,,,,,
1557758685,ETH-DAI,oasis,10.0958572302087,198,,,,,,
1557758685,ETH-DAI,oasis,20.55,198,,,,,,
1557758685,ETH-DAI,radarrelay,40,198.256314116533,,,,,,
1557758685,ETH-DAI,radarrelay,10,199.897973158133,,,,,,
1557758691,ETH-DAI,ddex,20,198.83,,,,,,
1557758696,ETH-DAI,ddex,0.55,198.49,,,,,,
1557758721,ETH-DAI,oasis,9.679872,198,,,,,,
1557758721,ETH-DAI,uniswap,5.33217778937232,199.380405568874,,,,,,
1557758724,ETH-DAI,ddex,7.6,198.66,,,,,,
1557758724,ETH-DAI,ddex,12.03,198.5,,,,,,
1557758726,ETH-DAI,oasis,10,198,,,,,,
1557758726,ETH-DAI,oasis,6.00505923742736,198,,,,,,
1557758726,ETH-DAI,oasis,19.63,198,,,,,,
1557758726,ETH-DAI,uniswap,6,198.166954835103,,,,,,
1557758744,ETH-DAI,oasis,100,198,,,,,,
1557758744,ETH-DAI,oasis,10.0218073273013,198,,,,,,
1557758744,ETH-DAI,radarrelay,0.0001,198.43376941826,,,,,,
1557758744,ETH-DAI,radarrelay,9.9999,198.43376941826,,,,,,
1557758774,ETH-DAI,oasis,4.76282491675902,197.890722525522,,,,,,
1557758834,ETH-DAI,oasis,5.00383272938078,198,,,,,,
1557758834,ETH-DAI,uniswap,5,198.151776083479,,,,,,
1557758834,ETH-DAI,uniswap,5.23126440278064,199.338173226226,,,,,,
1557758896,ETH-DAI,oasis,0.5,198,,,,,,
1557758914,ETH-DAI,radarrelay,4.78552935987288,197.893520038246,,,,,,
1557758924,ETH-DAI,oasis,2.52525252525252,198,,,,,,
1557758938,ETH-DAI,oasis,28.21427,198,,,,,,
1557759024,ETH-DAI,oasis,0.999192571659265,198.16,,,,,,
1557759024,ETH-DAI,oasis,0.02,197.5,,,,,,
1557759024,ETH-DAI,oasis,0.403575130571548,197.266,,,,,,
1557759055,ETH-DAI,idex,0.300099999942893,196.999611910765,,,,,,
1557759098,ETH-DAI,idex,0.199900000057107,196.999611910765,,,,,,
1557759319,ETH-DAI,oasis,12,197.99,,,,,,
1557759374,ETH-DAI,oasis,5.83380300015152,197.99,,,,,,
1557759409,ETH-DAI,uniswap,7.25987804654556,197.786061184396,,,,,,
1557759438,ETH-DAI,oasis,19.3281484481903,197.273486,,,,,,
1557759438,ETH-DAI,uniswap,4.91004449871138,197.423762854592,,,,,,
1557759568,ETH-DAI,oasis,4.99661562322765,196.949390425738,,,,,,
1557759568,ETH-DAI,uniswap,8.2644073480559,197.033027395355,,,,,,
1557759785,ETH-DAI,oasis,0.01997975708502,197.6,,,,,,
1557759821,ETH-DAI,uniswap,0.005051164395281,197.974154421553,,,,,,
1557759830,ETH-DAI,uniswap,4.95080033588814,196.642153227863,,,,,,
1557759917,ETH-DAI,oasis,0.01997975708502,197.6,,,,,,
1557759942,ETH-DAI,oasis,8.75611587120273,197.99,,,,,,
1557759951,ETH-DAI,oasis,0.494974493661296,197.99,,,,,,
1557759951,ETH-DAI,uniswap,18.8515791522223,198.242102335282,,,,,,
1557759993,ETH-DAI,oasis,0.02,197.5,,,,,,
1557760010,ETH-DAI,oasis,1.4406819779774,198,,,,,,
1557760010,ETH-DAI,oasis,0.558106634984446,197.99,,,,,,
1557760023,ETH-DAI,uniswap,8.42970893690285,199.060553149036,,,,,,
1557760097,ETH-DAI,oasis,0.00501767835337,198.689792467195,,,,,,
1557760097,ETH-DAI,uniswap,0.005017186903097,199.314878898111,,,,,,
1557760125,ETH-DAI,oasis,4.779448,198.8,,,,,,
1557760125,ETH-DAI,uniswap,13.4720827685083,199.721370161772,,,,,,
1557760156,ETH-DAI,oasis,10,198.8,,,,,,
1557760157,ETH-DAI,ddex,7.77,199.29,,,,,,
1557760162,ETH-DAI,oasis,4.687971,198.8,,,,,,
1557760162,ETH-DAI,oasis,10.0438085689708,199,,,,,,
1557760162,ETH-DAI,oasis,7.77,198.8,,,,,,
1557760162,ETH-DAI,radarrelay,10,199.87179052252,,,,,,
1557760173,ETH-DAI,ddex,16.57,199.27,,,,,,
1557760183,ETH-DAI,ddex,6,199.27,,,,,,
1557760193,ETH-DAI,idex,2.73993035464503,203.441296959921,,,,,,
1557760195,ETH-DAI,oasis,10.0643352331799,199,,,,,,
1557760195,ETH-DAI,oasis,7.237419,199,,,,,,
1557760195,ETH-DAI,oasis,2.762581,198.8,,,,,,
1557760195,ETH-DAI,radarrelay,0.0001,200.282273963019,,,,,,
1557760195,ETH-DAI,radarrelay,9.9999,200.282273963019,,,,,,
1557760214,ETH-DAI,idex,1.69124116806963,203.451296959921,,,,,,
1557760219,ETH-DAI,paradex,2.75528,199.33702,,,,,,
1557760224,ETH-DAI,oasis,42.0096411172814,199.24,,,,,,
1557760224,ETH-DAI,oasis,10.0523844551307,199,,,,,,
1557760224,ETH-DAI,oasis,2.60205274271856,199,,,,,,
1557760224,ETH-DAI,radarrelay,9.9999,200.044451101612,,,,,,
1557760224,ETH-DAI,uniswap,0.399716461851279,200.141869637997,,,,,,
1557760229,ETH-DAI,oasis,6.79249433864827,199.24,,,,,,
1557760270,ETH-DAI,oasis,10.0202186981579,199.24,,,,,,
1557760270,ETH-DAI,radarrelay,9.9999,199.644833790435,,,,,,
1557760276,ETH-DAI,radarrelay,0.0001,199.644833790435,,,,,,
1557760297,ETH-DAI,oasis,10.0319658866373,199.24,,,,,,
1557760297,ETH-DAI,oasis,10,199.24,,,,,,
1557760297,ETH-DAI,oasis,0.496888175065248,199.24,,,,,,
1557760297,ETH-DAI,oasis,2.773688,199.24,,,,,,
1557760297,ETH-DAI,radarrelay,9.999800001,199.880885923092,,,,,,
1557760297,ETH-DAI,uniswap,9.20808217898676,200.433318695427,,,,,,
1557760300,ETH-DAI,ddex,25.03,199.73,,,,,,
1557760307,ETH-DAI,oasis,25.03,199.24,,,,,,
1557760307,ETH-DAI,radarrelay,9.9998999998464E-05,199.880885923092,,,,,,
1557760307,ETH-DAI,uniswap,1.9944223255705,200.774539574814,,,,,,
1557760309,ETH-DAI,oasis,5.00303076712154,199.24,,,,,,
1557760309,ETH-DAI,oasis,6.51566340506702,199.24,,,,,,
1557760309,ETH-DAI,oasis,300,199.24,,,,,,
1557760309,ETH-DAI,oasis,20,199.24,,,,,,
1557760309,ETH-DAI,radarrelay,0.000100219821344,200.70375,,,,,,
1557760309,ETH-DAI,radarrelay,9.9999,201.144939681535,,,,,,
1557760309,ETH-DAI,radarrelay,0.0001,201.144939681535,,,,,,
1557760309,ETH-DAI,uniswap,6.50925956596055,199.436015176447,,,,,,
1557760309,ETH-DAI,uniswap,5,199.695383591781,,,,,,
1557760309,ETH-DAI,uniswap,10.0198290977914,200.744869267756,,,,,,
1557760316,ETH-DAI,ddex,20,200.4,,,,,,
1557760333,ETH-DAI,oasis,5.01907247540655,199.24,,,,,,
1557760333,ETH-DAI,oasis,4.414801732694E-06,199.24,,,,,,
1557760333,ETH-DAI,oasis,30.1036417910363,199.24,,,,,,
1557760333,ETH-DAI,radarrelay,30,199.928319681535,,,,,,
1557760333,ETH-DAI,uniswap,1.5,199.49883864966,,,,,,
1557760338,ETH-DAI,ddex,5.03,199.89,,,,,,
1557760338,ETH-DAI,ddex,20,200.2,,,,,,
1557760366,ETH-DAI,oasis,5.00303076712154,199.24,,,,,,
1557760366,ETH-DAI,oasis,0.571255639626958,198.905,,,,,,
1557760366,ETH-DAI,uniswap,8.46825590028265,200.913423824755,,,,,,
1557760366,ETH-DAI,uniswap,5,199.815984722481,,,,,,
1557760369,ETH-DAI,ddex,7.41,199.95,,,,,,
1557760369,ETH-DAI,ddex,17.62,199.74,,,,,,
1557760370,ETH-DAI,oasis,7.05203754642219,199.24,,,,,,
1557760370,ETH-DAI,oasis,25.03,199.24,,,,,,
1557760370,ETH-DAI,oasis,25.03,199.24,,,,,,
1557760370,ETH-DAI,oasis,40,199.24,,,,,,
1557760370,ETH-DAI,oasis,10,199.24,,,,,,
1557760370,ETH-DAI,radarrelay,4.75657353638846,200.835228873571,,,,,,
1557760370,ETH-DAI,uniswap,7.04453664217166,199.452149525769,,,,,,
1557760383,ETH-DAI,oasis,0.496888175065248,199.24,,,,,,
1557760383,ETH-DAI,oasis,44.54685778,199.24,,,,,,
1557760384,ETH-DAI,oasis,133.333333333333,199.24,,,,,,
1557760384,ETH-DAI,uniswap,2.5,199.164188337144,,,,,,
1557760390,ETH-DAI,ddex,7.79,200.23,,,,,,
1557760390,ETH-DAI,ddex,0.73,199.73,,,,,,
1557760390,ETH-DAI,ddex,15.57,200.23,,,,,,
1557760408,ETH-DAI,oasis,5.28535546704288,199.24,,,,,,
1557760408,ETH-DAI,oasis,44.37340256,199.24,,,,,,
1557760408,ETH-DAI,oasis,24.09,199.24,,,,,,
1557760408,ETH-DAI,radarrelay,5.24337402934691,200.835228873571,,,,,,
1557760418,ETH-DAI,ddex,6.33,200.37,,,,,,
1557760418,ETH-DAI,ddex,20,200.51,,,,,,
1557760418,ETH-DAI,ddex,18.7,200.29,,,,,,
1557760427,ETH-DAI,oasis,1.2838346245198,200,,,,,,
1557760427,ETH-DAI,oasis,40,200,,,,,,
1557760427,ETH-DAI,oasis,37.9624056739386,199.24,,,,,,
1557760427,ETH-DAI,radarrelay,37.7766024382732,200.219956753243,,,,,,
1557760427,ETH-DAI,uniswap,5,200.440460137826,,,,,,
1557760427,ETH-DAI,airswap,2.0932795853356,200.64209432046,,,,,,
1557760440,ETH-DAI,oasis,25.03,200,,,,,,
1557760440,ETH-DAI,oasis,10.0722507884828,200,,,,,,
1557760440,ETH-DAI,oasis,20,200,,,,,,
1557760440,ETH-DAI,radarrelay,9.9999475658256E-05,201.448086518186,,,,,,
1557760440,ETH-DAI,radarrelay,9.99984756625971,201.448086518186,,,,,,
1557760440,ETH-DAI,uniswap,1.934,200.651540550191,,,,,,
1557760458,ETH-DAI,oasis,10,200,,,,,,
1557760459,ETH-DAI,idex,1.90270312917879,203.69,,,,,,
1557760463,ETH-DAI,ddex,24.93,200.54,,,,,,
1557760464,ETH-DAI,oasis,46.4784701751828,200,,,,,,
1557760471,ETH-DAI,ddex,6.78,200.51,,,,,,
1557760478,ETH-DAI,ddex,5.46,200.5,,,,,,
1557760489,ETH-DAI,oasis,24.93,200,,,,,,
1557760489,ETH-DAI,oasis,12.24,200,,,,,,
1557760492,ETH-DAI,oasis,7.88,200,,,,,,
1557760492,ETH-DAI,oasis,7.87,200,,,,,,
1557760500,ETH-DAI,ddex,7.87,200.5,,,,,,
1557760502,ETH-DAI,ddex,7.88,201.1,,,,,,
1557760515,ETH-DAI,uniswap,2,200.771376708672,,,,,,
1557760522,ETH-DAI,oasis,2.28718353275884,200,,,,,,
1557760542,ETH-DAI,airswap,148.647921515172,201.819169041916,,,,,,
1557760558,ETH-DAI,oasis,40.0020990735456,200,,,,,,
1557760575,ETH-DAI,oasis,1.11542753087882,200,,,,,,
1557760596,ETH-DAI,oasis,150.000000012302,200,,,,,,
1557760624,ETH-DAI,oasis,0.01996996996997,199.8,,,,,,
1557760677,ETH-DAI,oasis,7.5,200,,,,,,
1557760687,ETH-DAI,oasis,5.27,200,,,,,,
1557760687,ETH-DAI,airswap,98.9603079922901,202.101230339321,,,,,,
1557760691,ETH-DAI,ddex,5.27,200.5,,,,,,
1557760695,ETH-DAI,idex,3.0021490177332,204,,,,,,
1557760739,ETH-DAI,oasis,100,200,,,,,,
1557760740,ETH-DAI,oasis,0.595397998797133,199.590280641316,,,,,,
1557760773,ETH-DAI,ddex,7.85,200.5,,,,,,
1557760782,ETH-DAI,oasis,7.85,200,,,,,,
1557760782,ETH-DAI,airswap,49.4933796899589,202.047224550898,,,,,,
1557760787,ETH-DAI,uniswap,5.11191907508387,199.475130265141,,,,,,
1557760789,ETH-DAI,uniswap,0.2,199.314654046722,,,,,,
1557760824,ETH-DAI,oasis,0.01999498997996,199.6,,,,,,
1557760824,ETH-DAI,oasis,50,200,,,,,,
1557760824,ETH-DAI,oasis,2.5,200,,,,,,
1557760939,ETH-DAI,oasis,3.25,200,,,,,,
1557760958,ETH-DAI,ddex,10.98,200.5,,,,,,
1557760959,ETH-DAI,ddex,7.79,200.5,,,,,,
1557760965,ETH-DAI,ddex,7.79,200.5,,,,,,
1557760991,ETH-DAI,oasis,3.73366904889519,200,,,,,,
1557760991,ETH-DAI,oasis,10,200,,,,,,
1557760991,ETH-DAI,uniswap,0.087,200.512513031826,,,,,,
1557761046,ETH-DAI,ddex,6.41,200.47,,,,,,
1557761051,ETH-DAI,oasis,10,199.98,,,,,,
1557761051,ETH-DAI,oasis,6.41,199.98,,,,,,
1557761051,ETH-DAI,airswap,99.1992362181538,201.614455538922,,,,,,
1557761092,ETH-DAI,ddex,24.51,200.47,,,,,,
1557761093,ETH-DAI,oasis,24.51,199.98,,,,,,
1557761093,ETH-DAI,oasis,3.73171987599889,199.98,,,,,,
1557761093,ETH-DAI,uniswap,5.0671547563137,199.161475239591,,,,,,
1557761124,ETH-DAI,oasis,48.2250504065586,199.98,,,,,,
1557761124,ETH-DAI,oasis,2.87677028255746,200,,,,,,
1557761124,ETH-DAI,oasis,7.12322971744254,199.98,,,,,,
1557761143,ETH-DAI,oasis,1.75,199.6,,,,,,
1557761165,ETH-DAI,oasis,4.12029493087704,200,,,,,,
1557761165,ETH-DAI,oasis,0.09,200,,,,,,
1557761165,ETH-DAI,oasis,99.7008973080758,200.6,,,,,,
1557761165,ETH-DAI,uniswap,6.71096091594287,200.433324374228,,,,,,
1557761165,ETH-DAI,uniswap,0.355,200.21893722247,,,,,,
1557761178,ETH-DAI,oasis,4.742425,200.59,,,,,,
1557761179,ETH-DAI,ddex,17.6,200.5,,,,,,
1557761180,ETH-DAI,ddex,0.45,201,,,,,,
1557761180,ETH-DAI,ddex,5.84,200.5,,,,,,
1557761187,ETH-DAI,paradex,4,201.80554,,,,,,
1557761187,ETH-DAI,paradex,19.83327,201.80563,,,,,,
1557761190,ETH-DAI,ddex,25.37,201,,,,,,
1557761190,ETH-DAI,uniswap,25.6127010047877,201.419392887356,,,,,,
1557761192,ETH-DAI,ddex,24.18,201,,,,,,
1557761193,ETH-DAI,ddex,5.2,201.09,,,,,,
1557761197,ETH-DAI,oasis,5,200.5,,,,,,
1557761197,ETH-DAI,uniswap,0.153,202.211157035186,,,,,,
1557761198,ETH-DAI,ddex,19.67,201,,,,,,
1557761198,ETH-DAI,ddex,4.15,201.09,,,,,,
1557761203,ETH-DAI,oasis,9.95629346633417,200.5,,,,,,
1557761203,ETH-DAI,oasis,4.15,200.5,,,,,,
1557761203,ETH-DAI,oasis,9.99930433875118,200.59,,,,,,
1557761203,ETH-DAI,oasis,24.87,200.5,,,,,,
1557761203,ETH-DAI,oasis,25.2603840951675,200.59,,,,,,
1557761203,ETH-DAI,oasis,4.02370653366584,200.5,,,,,,
1557761203,ETH-DAI,oasis,50.9153916775041,200.6,,,,,,
1557761203,ETH-DAI,oasis,2,200.5,,,,,,
1557761203,ETH-DAI,radarrelay,4.81072275001464,201.05958418,,,,,,
1557761203,ETH-DAI,uniswap,2.01996866127945,200.942846240694,,,,,,
1557761217,ETH-DAI,oasis,10,200.6,,,,,,
1557761217,ETH-DAI,oasis,40,200.6,,,,,,
1557761217,ETH-DAI,oasis,4.864778,200.6,,,,,,
1557761217,ETH-DAI,radarrelay,10,202.679799979741,,,,,,
1557761217,ETH-DAI,radarrelay,40,201.452199979741,,,,,,
1557761217,ETH-DAI,uniswap,0.071847999462743,202.094064615386,,,,,,
1557761230,ETH-DAI,ddex,15.54,201.8,,,,,,
1557761230,ETH-DAI,ddex,3.02,201.42,,,,,,
1557761230,ETH-DAI,ddex,6.3,201.8,,,,,,
1557761245,ETH-DAI,oasis,1.99401794616152,200.6,,,,,,
1557761245,ETH-DAI,uniswap,5.13662615850377,202.254259360289,,,,,,
1557761248,ETH-DAI,ddex,20,202.13,,,,,,
1557761249,ETH-DAI,oasis,7.47756729810568,200.6,,,,,,
1557761249,ETH-DAI,oasis,76.0218523681758,200.6,,,,,,
1557761250,ETH-DAI,ddex,20,201.85,,,,,,
1557761250,ETH-DAI,ddex,4.86,201.84,,,,,,
1557761251,ETH-DAI,oasis,24.86,200.6,,,,,,
1557761251,ETH-DAI,oasis,10.0146859241188,200.6,,,,,,
1557761251,ETH-DAI,uniswap,9.99996149759948,200.895373133235,,,,,,
1557761265,ETH-DAI,paradex,20,201.855,,,,,,
1557761265,ETH-DAI,paradex,4,202.42,,,,,,
1557761267,ETH-DAI,oasis,20,200.6,,,,,,
1557761267,ETH-DAI,oasis,76.0614690983246,200.6,,,,,,
1557761267,ETH-DAI,oasis,24.86,200.6,,,,,,
1557761267,ETH-DAI,uniswap,5.07496316926605,200.436007792326,,,,,,
1557761277,ETH-DAI,oasis,76.0734596113384,200.6,,,,,,
1557761277,ETH-DAI,oasis,50,200.6,,,,,,
1557761277,ETH-DAI,oasis,20.1227809571286,200.6,,,,,,
1557761277,ETH-DAI,oasis,10.6102992869305,200.6,,,,,,
1557761277,ETH-DAI,oasis,4.03394745762712,200.6,,,,,,
1557761277,ETH-DAI,oasis,40.0001193106169,200.6,,,,,,
1557761277,ETH-DAI,radarrelay,9.95,202.210788236992,,,,,,
1557761278,ETH-DAI,ddex,23.74,202.15,,,,,,
1557761278,ETH-DAI,ddex,1.12,202.03,,,,,,
1557761297,ETH-DAI,ddex,9.57,202.03,,,,,,
1557761297,ETH-DAI,ddex,12.8,202.05,,,,,,
1557761302,ETH-DAI,oasis,40,200.6,,,,,,
1557761302,ETH-DAI,oasis,12.8,200.6,,,,,,
1557761302,ETH-DAI,oasis,10,200.6,,,,,,
1557761302,ETH-DAI,uniswap,12.5397119207656,201.873038242557,,,,,,
1557761311,ETH-DAI,oasis,18.5343968095713,200.6,,,,,,
1557761311,ETH-DAI,oasis,10.0298970237192,200.6,,,,,,
1557761311,ETH-DAI,oasis,76.1424673794204,200.6,,,,,,
1557761311,ETH-DAI,oasis,24.86,200.6,,,,,,
1557761311,ETH-DAI,uniswap,4.36064510995332,202.393548831918,,,,,,
1557761338,ETH-DAI,oasis,1.60825135814468,200.6,,,,,,
1557761338,ETH-DAI,oasis,10,200.6,,,,,,
1557761338,ETH-DAI,oasis,19.3110338249819,200.6,,,,,,
1557761338,ETH-DAI,oasis,40.0759239101316,200.6,,,,,,
1557761338,ETH-DAI,radarrelay,39.9996,200.982768236992,,,,,,
1557761342,ETH-DAI,ddex,0.98,201.34,,,,,,
1557761342,ETH-DAI,ddex,6.29,202.39,,,,,,
1557761342,ETH-DAI,ddex,17.59,202.12,,,,,,
1557761349,ETH-DAI,oasis,24.86,200.6,,,,,,
1557761349,ETH-DAI,oasis,11.7521558121958,200.6,,,,,,
1557761349,ETH-DAI,oasis,9.621693,200.6,,,,,,
1557761349,ETH-DAI,oasis,23.9279760717846,200.6,,,,,,
1557761349,ETH-DAI,radarrelay,23.8839343825332,200.969904,,,,,,
1557761349,ETH-DAI,uniswap,11.7312688008147,200.957163104316,,,,,,
1557761391,ETH-DAI,oasis,2.86493856594292,200.6,,,,,,
1557761425,ETH-DAI,oasis,0.317649394480842,201.48,,,,,,
1557761425,ETH-DAI,oasis,1.80469751839188,201.48,,,,,,
1557761425,ETH-DAI,uniswap,1.83080480366426,200.543312583857,,,,,,
1557761446,ETH-DAI,airswap,98.6665908883616,202.702858383234,,,,,,
1557761481,ETH-DAI,uniswap,1.32137140091735,201.736392822591,,,,,,
1557761506,ETH-DAI,oasis,30,201.48,,,,,,
1557761506,ETH-DAI,oasis,1.66105525154491,201.48,,,,,,
1557761547,ETH-DAI,oasis,99.2309600595386,201.55,,,,,,
1557761560,ETH-DAI,uniswap,0.000991193017405,201.777046940532,,,,,,
1557761568,ETH-DAI,oasis,1.125,201.48,,,,,,
1557761576,ETH-DAI,oasis,0.75,201.48,,,,,,
1557761587,ETH-DAI,oasis,4.26841373833631,201.48,,,,,,
1557761613,ETH-DAI,oasis,111.184860419326,201.55,,,,,,
1557761613,ETH-DAI,oasis,595.385760357231,201.55,,,,,,
1557761613,ETH-DAI,oasis,5,201.5,,,,,,
1557761613,ETH-DAI,oasis,0.073303407862934,201.48,,,,,,
1557761613,ETH-DAI,oasis,50,201.5,,,,,,
1557761632,ETH-DAI,paradex,4.98197,202.23933,,,,,,
1557761638,ETH-DAI,ddex,24.74,202.05,,,,,,
1557761645,ETH-DAI,oasis,24.74,201.55,,,,,,
1557761646,ETH-DAI,oasis,5.001493,201.55,,,,,,
1557761646,ETH-DAI,oasis,10.0226368602494,201.55,,,,,,
1557761646,ETH-DAI,oasis,24.74,201.55,,,,,,
1557761646,ETH-DAI,radarrelay,9.9999,202.008266000988,,,,,,
1557761650,ETH-DAI,ddex,24.74,202.42,,,,,,
1557761654,ETH-DAI,ddex,0.55,202.41,,,,,,
1557761665,ETH-DAI,oasis,0.099230960059539,201.55,,,,,,
1557761665,ETH-DAI,oasis,25.29,201.55,,,,,,
1557761665,ETH-DAI,paradex,4.73153,202.23933,,,,,,
1557761668,ETH-DAI,ddex,24.74,202.05,,,,,,
1557761685,ETH-DAI,oasis,15.6442690836102,201.55,,,,,,
1557761685,ETH-DAI,oasis,23.8151922599851,201.55,,,,,,
1557761685,ETH-DAI,oasis,4.745597,201.55,,,,,,
1557761685,ETH-DAI,oasis,10,202,,,,,,
1557761685,ETH-DAI,radarrelay,23.7942666457097,201.727251,,,,,,
1557761689,ETH-DAI,ddex,24.72,202.43,,,,,,
1557761689,ETH-DAI,ddex,0.02,202.29,,,,,,
1557761697,ETH-DAI,uniswap,0.134,201.781185617266,,,,,,
1557761704,ETH-DAI,oasis,24.74,202,,,,,,
1557761704,ETH-DAI,oasis,99.009900990099,202,,,,,,
1557761704,ETH-DAI,uniswap,5.06115370262065,200.422748515508,,,,,,
1557761722,ETH-DAI,oasis,9.9009900990099,202,,,,,,
1557761722,ETH-DAI,oasis,1.15016389363174,202,,,,,,
1557761722,ETH-DAI,oasis,10.0177978553078,202,,,,,,
1557761722,ETH-DAI,oasis,10,202,,,,,,
1557761722,ETH-DAI,oasis,1.35216277905134,202,,,,,,
1557761728,ETH-DAI,radarrelay,8.91928030254492,202.047701777917,,,,,,
1557761728,ETH-DAI,uniswap,8.93246860476171,201.749389377263,,,,,,
1557761732,ETH-DAI,oasis,24.69,202,,,,,,
1557761732,ETH-DAI,oasis,2.494,201.69899925,,,,,,
1557761734,ETH-DAI,paradex,9.74207,203.02306,,,,,,
1557761757,ETH-DAI,ddex,0.52,202.54,,,,,,
1557761757,ETH-DAI,ddex,24.69,202.5,,,,,,
1557761762,ETH-DAI,ddex,25.21,203,,,,,,
1557761765,ETH-DAI,ddex,24.79,203,,,,,,
1557761786,ETH-DAI,oasis,9.75,202,,,,,,
1557761789,ETH-DAI,oasis,23.7621386138614,202,,,,,,
1557761789,ETH-DAI,radarrelay,23.7270067678932,202.29909516,,,,,,
1557761794,ETH-DAI,ddex,0.42,203.09,,,,,,
1557761796,ETH-DAI,oasis,10,202,,,,,,
1557761796,ETH-DAI,oasis,75.6527846488801,202,,,,,,
1557761829,ETH-DAI,oasis,9.783781,202,,,,,,
1557761829,ETH-DAI,oasis,8.93467785066868,202,,,,,,
1557761829,ETH-DAI,radarrelay,8.91919110974189,202.350740513206,,,,,,
1557761829,ETH-DAI,uniswap,2.718,202.107705328411,,,,,,
1557761854,ETH-DAI,paradex,9.78374,202.3926,,,,,,
1557761855,ETH-DAI,oasis,70.419733046285,202,,,,,,
1557761855,ETH-DAI,oasis,4.58026695371496,202.04,,,,,,
1557761866,ETH-DAI,oasis,9.798457,202.04,,,,,,
1557761915,ETH-DAI,oasis,0.293,202.04,,,,,,
1557761924,ETH-DAI,oasis,0.248515,202.01,,,,,,
1557761929,ETH-DAI,uniswap,1.24,202.229645495406,,,,,,
1557761963,ETH-DAI,oasis,3,202.003710131563,,,,,,
1557761992,ETH-DAI,oasis,22.448276046285,202.04,,,,,,
1557762093,ETH-DAI,oasis,9.99950546461599,202.21,,,,,,
1557762093,ETH-DAI,oasis,4.85645181939568,202.21,,,,,,
1557762093,ETH-DAI,uniswap,15,202.730503232029,,,,,,
1557762105,ETH-DAI,oasis,1.81437188922013,202.21,,,,,,
1557762105,ETH-DAI,oasis,28.1846405753627,202.1,,,,,,
1557762105,ETH-DAI,oasis,4.84005163048316,202.21,,,,,,
1557762105,ETH-DAI,uniswap,8,201.73288080476,,,,,,
1557762125,ETH-DAI,oasis,10,201.8,,,,,,
1557762125,ETH-DAI,uniswap,0.108381959964306,202.704845534029,,,,,,
1557762207,ETH-DAI,oasis,32.2299018249792,201.8,,,,,,
1557762207,ETH-DAI,oasis,1.81535942463732,202.1,,,,,,
1557762219,ETH-DAI,uniswap,11.2729054065808,203.056791256646,,,,,,
1557762253,ETH-DAI,oasis,19.1625615763547,203,,,,,,
1557762282,ETH-DAI,uniswap,1.6448775,202.137850930427,,,,,,
1557762286,ETH-DAI,oasis,10,202.873324387607,,,,,,
1557762286,ETH-DAI,uniswap,4.29973747490249,201.955107025844,,,,,,
1557762294,ETH-DAI,oasis,1.81796990782953,201.8,,,,,,
1557762350,ETH-DAI,oasis,10.0985221674877,203,,,,,,
1557762357,ETH-DAI,oasis,0.02,202,,,,,,
1557762357,ETH-DAI,oasis,1.12154185793743,198.5,,,,,,
1557762448,ETH-DAI,oasis,0.02,201.8,,,,,,
1557762470,ETH-DAI,uniswap,1.995,201.761597755041,,,,,,
1557762470,ETH-DAI,uniswap,3.750690858865E-06,202.915938602451,,,,,,
1557762509,ETH-DAI,uniswap,2.49375,201.623890658151,,,,,,
1557762565,ETH-DAI,uniswap,4.76795776421094,201.401494544805,,,,,,
1557762657,ETH-DAI,uniswap,0.8847825,201.228329101053,,,,,,
1557762685,ETH-DAI,oasis,0.02,202.84999,,,,,,
1557762685,ETH-DAI,oasis,0.02,202.8,,,,,,
1557762707,ETH-DAI,oasis,14.6805261342923,202.99,,,,,,
1557762748,ETH-DAI,oasis,10,202,,,,,,
1557762818,ETH-DAI,oasis,10,202,,,,,,
1557763037,ETH-DAI,oasis,10,202,,,,,,
1557763051,ETH-DAI,oasis,8,202.9,,,,,,
1557763051,ETH-DAI,oasis,2.18397141412651,202.9,,,,,,
1557763051,ETH-DAI,uniswap,1.33331460560254,201.160542904552,,,,,,
1557763074,ETH-DAI,oasis,10,201.46353107574,,,,,,
1557763074,ETH-DAI,oasis,44.30263158,200.64,,,,,,
1557763074,ETH-DAI,oasis,0.63739476739949,202.9,,,,,,
1557763074,ETH-DAI,oasis,10,200.660149870613,,,,,,
1557763074,ETH-DAI,oasis,73.69736842,200.31533445,,,,,,
1557763074,ETH-DAI,oasis,10,201.5826033944,,,,,,
1557763074,ETH-DAI,oasis,40,202,,,,,,
1557763149,ETH-DAI,uniswap,5.14416075607982,202.49038662109,,,,,,
1557763192,ETH-DAI,oasis,0.125,202.8,,,,,,
1557763192,ETH-DAI,oasis,0.125,202.8,,,,,,
1557763198,ETH-DAI,airswap,29.3847989517657,204.187206107784,,,,,,
1557763275,ETH-DAI,oasis,29.5712173484475,202.9,,,,,,
1557763277,ETH-DAI,uniswap,10.7430197791319,202.98149845154,,,,,,
1557763323,ETH-DAI,oasis,9.668395,202.8,,,,,,
1557763323,ETH-DAI,ddex,25.18,203,,,,,,
1557763329,ETH-DAI,uniswap,7.14586067979673,203.53689540508,,,,,,
1557763336,ETH-DAI,oasis,10.0273550730036,202.9,,,,,,
1557763336,ETH-DAI,radarrelay,10,203.455034431244,,,,,,
1557763336,ETH-DAI,airswap,14.6469524413054,204.820764730539,,,,,,
1557763359,ETH-DAI,oasis,10.0266636141945,202.9,,,,,,
1557763359,ETH-DAI,radarrelay,10,203.441004732006,,,,,,
1557763369,ETH-DAI,ddex,24.82,203,,,,,,
1557763382,ETH-DAI,ddex,24.58,203.4,,,,,,
1557763383,ETH-DAI,oasis,14.7856086742238,202.9,,,,,,
1557763389,ETH-DAI,oasis,24.8280957130695,202.9,,,,,,
1557763389,ETH-DAI,oasis,10.0340630999951,202.9,,,,,,
1557763389,ETH-DAI,oasis,0.691904286930536,202.8,,,,,,
1557763389,ETH-DAI,radarrelay,10,203.591140298901,,,,,,
1557763398,ETH-DAI,ddex,0.22,203.48,,,,,,
1557763399,ETH-DAI,uniswap,0.245392216557077,203.767261657908,,,,,,
1557763434,ETH-DAI,ddex,0.73,203.49,,,,,,
1557763434,ETH-DAI,ddex,24.36,203.4,,,,,,
1557763436,ETH-DAI,paradex,19.55472,204.26599,,,,,,
1557763436,ETH-DAI,paradex,4,204.26599,,,,,,
1557763437,ETH-DAI,ddex,23.58,203.5,,,,,,
1557763442,ETH-DAI,ddex,24.98,204,,,,,,
1557763444,ETH-DAI,ddex,23.5,204,,,,,,
1557763446,ETH-DAI,oasis,10.0322634279194,202.9,,,,,,
1557763446,ETH-DAI,oasis,24.58,202.9,,,,,,
1557763446,ETH-DAI,oasis,43.79621601,202.9,,,,,,
1557763446,ETH-DAI,radarrelay,10,203.554624952484,,,,,,
1557763452,ETH-DAI,oasis,75.2712596209876,202.9,,,,,,
1557763452,ETH-DAI,oasis,0.497782158698866,202.9,,,,,,
1557763452,ETH-DAI,ddex,1.52,204,,,,,,
1557763452,ETH-DAI,uniswap,7.91026597871766,204.021331816408,,,,,,
1557763454,ETH-DAI,ddex,23.48,204.78,,,,,,
1557763454,ETH-DAI,ddex,18.9,204.77,,,,,,
1557763454,ETH-DAI,ddex,1.1,204.77,,,,,,
1557763455,ETH-DAI,ddex,5.67,203.49,,,,,,
1557763460,ETH-DAI,oasis,3.69672107499854,202.9,,,,,,
1557763460,ETH-DAI,oasis,35.485460818137,202.9,,,,,,
1557763460,ETH-DAI,oasis,25.3,202.9,,,,,,
1557763460,ETH-DAI,oasis,23.5155012160703,202.9,,,,,,
1557763460,ETH-DAI,radarrelay,23.5155012160703,204.1206758,,,,,,
1557763460,ETH-DAI,radarrelay,35.386578961686,203.46697,,,,,,
1557763470,ETH-DAI,oasis,10.1069824799829,202.9,,,,,,
1557763470,ETH-DAI,oasis,24.58,202.9,,,,,,
1557763470,ETH-DAI,oasis,74.9447262071161,202.9,,,,,,
1557763470,ETH-DAI,oasis,30.1375055985964,202.9,,,,,,
1557763470,ETH-DAI,oasis,17.9945306392099,202.9,,,,,,
1557763470,ETH-DAI,oasis,4.02461172991622,202.9,,,,,,
1557763470,ETH-DAI,radarrelay,10,205.070674518852,,,,,,
1557763470,ETH-DAI,radarrelay,29.9997,203.832034518852,,,,,,
1557763470,ETH-DAI,uniswap,23.7500749904521,205.013118120103,,,,,,
1557763470,ETH-DAI,uniswap,17.9000287716989,203.971195424462,,,,,,
1557763488,ETH-DAI,oasis,19.6840512566427,202.9,,,,,,
1557763488,ETH-DAI,oasis,1.125,202.9,,,,,,
1557763488,ETH-DAI,uniswap,2.44372531452286,204.605647381292,,,,,,
1557763488,ETH-DAI,uniswap,1.75,203.358267318548,,,,,,
1557763491,ETH-DAI,ddex,24.58,204.92,,,,,,
1557763492,ETH-DAI,oasis,2,202.9,,,,,,
1557763492,ETH-DAI,oasis,24.58,202.9,,,,,,
1557763492,ETH-DAI,oasis,74.6770070092834,202.9,,,,,,
1557763492,ETH-DAI,oasis,24.56,202.9,,,,,,
1557763492,ETH-DAI,oasis,23.6567373090192,202.9,,,,,,
1557763492,ETH-DAI,radarrelay,23.54393759155,203.87210004,,,,,,
1557763492,ETH-DAI,ddex,17.8,204.49,,,,,,
1557763492,ETH-DAI,ddex,0.41,204.92,,,,,,
1557763492,ETH-DAI,paradex,4,205.695,,,,,,
1557763492,ETH-DAI,paradex,19.63551,205.695,,,,,,
1557763492,ETH-DAI,uniswap,2.0081956442924,203.39382143948,,,,,,
1557763495,ETH-DAI,ddex,6.35,203.5,,,,,,
1557763498,ETH-DAI,paradex,9.77036,205.70794,,,,,,
1557763510,ETH-DAI,ddex,13.96,205.36,,,,,,
1557763510,ETH-DAI,ddex,6.04,205.36,,,,,,
1557763510,ETH-DAI,ddex,10.6,205.2,,,,,,
1557763510,ETH-DAI,ddex,18.54,205.68,,,,,,
1557763524,ETH-DAI,oasis,5.00253642994225,202.9,,,,,,
1557763524,ETH-DAI,oasis,4.05078512315271,203,,,,,,
1557763524,ETH-DAI,oasis,10,202.9,,,,,,
1557763524,ETH-DAI,oasis,19.8938699972906,203,,,,,,
1557763524,ETH-DAI,oasis,19.5774635700578,203,,,,,,
1557763524,ETH-DAI,oasis,96.2068965517241,203,,,,,,
1557763524,ETH-DAI,oasis,24.56,203,,,,,,
1557763524,ETH-DAI,oasis,23.6567373090192,202.9,,,,,,
1557763524,ETH-DAI,radarrelay,23.4110630441738,205.0292202,,,,,,
1557763524,ETH-DAI,radarrelay,10,206.094067593406,,,,,,
1557763524,ETH-DAI,radarrelay,0.000234112971568,204.961202418167,,,,,,
1557763524,ETH-DAI,radarrelay,0.000234112971568,205.0292202,,,,,,
1557763545,ETH-DAI,oasis,40.4421875732981,203,,,,,,
1557763545,ETH-DAI,oasis,40,203,,,,,,
1557763545,ETH-DAI,oasis,10,203,,,,,,
1557763545,ETH-DAI,oasis,2.46305418719212,203,,,,,,
1557763545,ETH-DAI,oasis,74.623509688401,203,,,,,,
1557763550,ETH-DAI,oasis,2.025,203,,,,,,
1557763550,ETH-DAI,oasis,9.898126,203,,,,,,
1557763555,ETH-DAI,ddex,24.56,205.32,,,,,,
1557763560,ETH-DAI,ddex,20,204.74,,,,,,
1557763560,ETH-DAI,ddex,4.44,204.55,,,,,,
1557763564,ETH-DAI,oasis,74.9110950423733,203,,,,,,
1557763564,ETH-DAI,oasis,40.1071435825904,203,,,,,,
1557763564,ETH-DAI,oasis,24.56,203,,,,,,
1557763564,ETH-DAI,oasis,40,203,,,,,,
1557763564,ETH-DAI,oasis,35.4679802955665,203,,,,,,
1557763564,ETH-DAI,oasis,24.31,203,,,,,,
1557763564,ETH-DAI,oasis,24.44,203,,,,,,
1557763564,ETH-DAI,oasis,10,203,,,,,,
1557763564,ETH-DAI,radarrelay,40,204.759279340241,,,,,,
1557763564,ETH-DAI,radarrelay,10,205.360141705357,,,,,,
1557763564,ETH-DAI,radarrelay,35.4468832884783,203.12082,,,,,,
1557763564,ETH-DAI,radarrelay,39.999300003,203.547315744406,,,,,,
1557763564,ETH-DAI,ddex,24.31,205.65,,,,,,
1557763564,ETH-DAI,airswap,14.5082575255726,206.778794401198,,,,,,
1557763567,ETH-DAI,paradex,9.898,205.99325,,,,,,
1557763583,ETH-DAI,oasis,23.6450837438424,203,,,,,,
1557763583,ETH-DAI,oasis,23.408044270328,203,,,,,,
1557763583,ETH-DAI,oasis,10.012784,203,,,,,,
1557763583,ETH-DAI,oasis,74.4084330963975,203,,,,,,
1557763583,ETH-DAI,oasis,24.31,203,,,,,,
1557763583,ETH-DAI,oasis,100,203,,,,,,
1557763583,ETH-DAI,radarrelay,0.000233472326563,205.5918177,,,,,,
1557763583,ETH-DAI,radarrelay,23.3469991836159,205.5918177,,,,,,
1557763583,ETH-DAI,radarrelay,23.408044270328,205.05771198,,,,,,
1557763589,ETH-DAI,ddex,24.56,206.56,,,,,,
1557763590,ETH-DAI,ddex,24.3,205.99,,,,,,
1557763590,ETH-DAI,ddex,0.14,205.87,,,,,,
1557763596,ETH-DAI,paradex,4,206.55,,,,,,
1557763596,ETH-DAI,paradex,19.3581,206.55,,,,,,
1557763597,ETH-DAI,ddex,23.3,205.98,,,,,,
1557763600,ETH-DAI,ddex,1.01,205.65,,,,,,
1557763614,ETH-DAI,oasis,11.5735749488154,204,,,,,,
1557763614,ETH-DAI,oasis,23.6450837438424,203,,,,,,
1557763614,ETH-DAI,oasis,73.7949106815471,204,,,,,,
1557763614,ETH-DAI,oasis,74.882533531591,204,,,,,,
1557763614,ETH-DAI,oasis,12.8664250511846,203,,,,,,
1557763614,ETH-DAI,oasis,24.56,203,,,,,,
1557763614,ETH-DAI,oasis,35.4676256157635,203,,,,,,
1557763614,ETH-DAI,oasis,14.7783251231527,203,,,,,,
1557763614,ETH-DAI,radarrelay,23.1245508804179,207.56952318,,,,,,
1557763614,ETH-DAI,radarrelay,0.000231247821282,207.56952318,,,,,,
1557763614,ETH-DAI,radarrelay,0.000231247821282,205.695,,,,,,
1557763614,ETH-DAI,radarrelay,34.7992738478908,206.8988,,,,,,
1557763622,ETH-DAI,ddex,10,208.11,,,,,,
1557763622,ETH-DAI,ddex,1.55,208.11,,,,,,
1557763622,ETH-DAI,ddex,23.01,208.59,,,,,,
1557763623,ETH-DAI,ddex,11.26,207.33,,,,,,
1557763623,ETH-DAI,ddex,11.01,207.2,,,,,,
1557763623,ETH-DAI,ddex,13.43,207.33,,,,,,
1557763623,ETH-DAI,ddex,13.05,208.11,,,,,,
1557763639,ETH-DAI,paradex,10.01267,207.72612,,,,,,
1557763641,ETH-DAI,oasis,4.025197426148,205.14,,,,,,
1557763641,ETH-DAI,oasis,10,205.14,,,,,,
1557763641,ETH-DAI,oasis,24.44,205.14,,,,,,
1557763641,ETH-DAI,oasis,23.5291764705882,204,,,,,,
1557763641,ETH-DAI,oasis,24.31,205.14,,,,,,
1557763641,ETH-DAI,oasis,6.44357517793714,204,,,,,,
1557763641,ETH-DAI,oasis,9.77622918952125,204,,,,,,
1557763641,ETH-DAI,oasis,18.1164248220629,205.14,,,,,,
1557763641,ETH-DAI,radarrelay,23.2819261265373,206.16644748,,,,,,
1557763646,ETH-DAI,ddex,24.44,206.05,,,,,,
1557763646,ETH-DAI,ddex,24.31,205.86,,,,,,
1557763653,ETH-DAI,oasis,700,205.14,,,,,,
1557763653,ETH-DAI,oasis,10,205.14,,,,,,
1557763653,ETH-DAI,oasis,74.2115358270289,205.14,,,,,,
1557763655,ETH-DAI,paradex,86.87705,207.18936,,,,,,
1557763659,ETH-DAI,ddex,24.31,206.91,,,,,,
1557763692,ETH-DAI,oasis,24.31,205.14,,,,,,
1557763692,ETH-DAI,oasis,24.44,205.14,,,,,,
1557763692,ETH-DAI,oasis,10.136332,205.14,,,,,,
1557763692,ETH-DAI,oasis,19.488859096227,205.14,,,,,,
1557763692,ETH-DAI,oasis,24.31,205.14,,,,,,
1557763692,ETH-DAI,radarrelay,15.4914795443293,205.2252,,,,,,
1557763692,ETH-DAI,uniswap,15.505231245448,205.043184293962,,,,,,
1557763694,ETH-DAI,oasis,74.3608440500529,205.14,,,,,,
1557763696,ETH-DAI,paradex,10.13621,206.01644,,,,,,
1557763703,ETH-DAI,paradex,77.23546,206.01644,,,,,,
1557763739,ETH-DAI,oasis,19.5998723049575,205.14,,,,,,
1557763739,ETH-DAI,oasis,7.32979388392175,204.647897652892,,,,,,
1557763739,ETH-DAI,radarrelay,19.5917353455569,205.2252,,,,,,
1557763739,ETH-DAI,uniswap,8,204.051249140653,,,,,,
1557763754,ETH-DAI,oasis,87.7426037739495,205.14,,,,,,
1557763858,ETH-DAI,radarrelay,0.000195919312652,205.2252,,,,,,
1557763879,ETH-DAI,oasis,0.75,204.99795,,,,,,
1557763879,ETH-DAI,uniswap,1.49998015089109,203.754576307451,,,,,,
1557763880,ETH-DAI,uniswap,1,203.676687068945,,,,,,
1557763880,ETH-DAI,uniswap,0.492951377219588,204.888361545258,,,,,,
1557763899,ETH-DAI,oasis,1.67649301875278,204.878604418842,,,,,,
1557763899,ETH-DAI,uniswap,1.99987970952921,203.61413487978,,,,,,
1557763899,ETH-DAI,uniswap,4.88252843770659,203.400262733374,,,,,,
1557763921,ETH-DAI,oasis,77.5630781464483,205.14,,,,,,
1557763983,ETH-DAI,oasis,5.24657534246575,204.9959,,,,,,
1557763983,ETH-DAI,oasis,10,204.644620136028,,,,,,
1557763987,ETH-DAI,oasis,10,204.1,,,,,,
1557764121,ETH-DAI,oasis,19.6370955508469,204.64257,,,,,,
1557764121,ETH-DAI,oasis,194.868922282467,205.14,,,,,,
1557764121,ETH-DAI,oasis,20,204.1,,,,,,
1557764121,ETH-DAI,oasis,100,204.99795,,,,,,
1557764121,ETH-DAI,oasis,21.0318562023895,204.99795,,,,,,
1557764121,ETH-DAI,oasis,14.4621259642965,204.9959,,,,,,
1557764296,ETH-DAI,oasis,13.7719255267026,204.1,,,,,,
1557764296,ETH-DAI,oasis,40.2457894465452,203.63,,,,,,
1557764464,ETH-DAI,oasis,10,204.918246729751,,,,,,
1557764464,ETH-DAI,oasis,1.855,205,,,,,,
1557764464,ETH-DAI,oasis,98.0168699926939,205,,,,,,
1557764464,ETH-DAI,oasis,20,205.1,,,,,,
1557764464,ETH-DAI,oasis,19.5872876072728,205.13794,,,,,,
1557764464,ETH-DAI,oasis,21.1444120776315,204.99795,,,,,,
1557764464,ETH-DAI,oasis,20,204.99,,,,,,
1557764464,ETH-DAI,oasis,20.1971486475203,204.98795,,,,,,
1557764464,ETH-DAI,oasis,275.576139700359,205.14,,,,,,
1557764489,ETH-DAI,oasis,11.9998412071287,205.2,,,,,,
1557764489,ETH-DAI,uniswap,12.0203451495819,204.849976024893,,,,,,
1557764535,ETH-DAI,uniswap,2.5,203.92100383253,,,,,,
1557764563,ETH-DAI,oasis,16.1951609181891,202.69078863,,,,,,
1557764563,ETH-DAI,oasis,101.623300767394,205.2,,,,,,
1557764563,ETH-DAI,oasis,1.96078431372549,204,,,,,,
1557764563,ETH-DAI,oasis,10,203.027324842083,,,,,,
1557764563,ETH-DAI,uniswap,12.1681491270654,205.454418243387,,,,,,
1557764583,ETH-DAI,ethfinextrustless,0.3126855479,204.686762563355,,,,,,
1557764638,ETH-DAI,oasis,7.2267983526463,203,,,,,,
1557764675,ETH-DAI,oasis,20,205.67888,,,,,,
1557764675,ETH-DAI,oasis,1,203,,,,,,
1557764743,ETH-DAI,uniswap,0.485779890649943,205.854548376233,,,,,,
1557764824,ETH-DAI,uniswap,1,204.6052688286,,,,,,
1557764935,ETH-DAI,oasis,21.7644521135131,205.5,,,,,,
1557764973,ETH-DAI,oasis,0.02,204.5,,,,,,
1557764973,ETH-DAI,oasis,0.02,204.79999,,,,,,
1557765002,ETH-DAI,oasis,3,203,,,,,,
1557765062,ETH-DAI,uniswap,4,204.448768050747,,,,,,
1557765062,ETH-DAI,uniswap,2,204.260905201352,,,,,,
1557765111,ETH-DAI,oasis,17.6863801084889,203.5,,,,,,
1557765176,ETH-DAI,oasis,3,203.5,,,,,,
1557765230,ETH-DAI,uniswap,2.91940992579084,205.520983778071,,,,,,
1557765309,ETH-DAI,uniswap,69.825,202.222370861966,,,,,,
1557765309,ETH-DAI,uniswap,17.5460382968813,203.067528105949,,,,,,
1557765309,ETH-DAI,uniswap,20.1682197642269,201.903541691008,,,,,,
1557765339,ETH-DAI,oasis,4.91107827764128,203.5,,,,,,
1557765339,ETH-DAI,oasis,10.868233544497,203.5,,,,,,
1557765339,ETH-DAI,radarrelay,5,199.8808859,,,,,,
1557765508,ETH-DAI,oasis,5.63,204.8651,,,,,,
1557765515,ETH-DAI,ddex,5.63,205.37,,,,,,
1557765521,ETH-DAI,oasis,4.92278582100843,203.65,,,,,,
1557765523,ETH-DAI,uniswap,48.7474108663326,205.139100154886,,,,,,
1557765531,ETH-DAI,oasis,9.99394949875814,203,,,,,,
1557765531,ETH-DAI,oasis,13.5343080693729,203.5,,,,,,
1557765531,ETH-DAI,oasis,2.17675298092258,203,,,,,,
1557765531,ETH-DAI,oasis,38.7250413389916,203.65,,,,,,
1557765531,ETH-DAI,uniswap,0.628449672627816,206.701299884127,,,,,,
1557765534,ETH-DAI,oasis,9.01283807993365,204.8651,,,,,,
1557765534,ETH-DAI,uniswap,8.99988090534652,205.199732811746,,,,,,
1557765566,ETH-DAI,uniswap,4.6717,204.769677689955,,,,,,
1557765631,ETH-DAI,oasis,75.4021390346109,202.91201544,,,,,,
1557765631,ETH-DAI,oasis,10,203.005190976517,,,,,,
1557765631,ETH-DAI,oasis,17.3457061326915,202.3267041,,,,,,
1557765631,ETH-DAI,oasis,17.0054548326976,203,,,,,,
1557765631,ETH-DAI,oasis,0.2467,202.69,,,,,,
1557765632,ETH-DAI,oasis,0.5,204.8651,,,,,,
1557765632,ETH-DAI,oasis,3.06168352720877,204.8651,,,,,,
1557765632,ETH-DAI,oasis,9.49574609896493,204.97117,,,,,,
1557765701,ETH-DAI,oasis,0.02,204.79999,,,,,,
1557765701,ETH-DAI,oasis,0.02,204.5,,,,,,
1557765701,ETH-DAI,uniswap,0.5,204.607230251654,,,,,,
1557765733,ETH-DAI,airswap,3.15686989098556,205.900155041573,,,,,,
1557766009,ETH-DAI,oasis,43.42605892,204.69,,,,,,
1557766009,ETH-DAI,oasis,74.9970628503233,204.00798936,,,,,,
1557766009,ETH-DAI,oasis,16.5768782296767,204,,,,,,
1557766031,ETH-DAI,oasis,0.733082555125227,204.96912,,,,,,
1557766034,ETH-DAI,uniswap,7.77888769101073,206.070593081376,,,,,,
1557766059,ETH-DAI,oasis,0.5012531351064,204.96912,,,,,,
1557766079,ETH-DAI,oasis,24.330900243309,205.5,,,,,,
1557766126,ETH-DAI,oasis,10,204,,,,,,
1557766126,ETH-DAI,uniswap,0.113081694506935,206.321177226532,,,,,,
1557766132,ETH-DAI,oasis,8.01026861253616,204.57,,,,,,
1557766132,ETH-DAI,uniswap,7.99980031309355,204.837694184,,,,,,
1557766204,ETH-DAI,oasis,0.02,204.5,,,,,,
1557766204,ETH-DAI,oasis,0.019999999021527,204.40001,,,,,,
1557766227,ETH-DAI,uniswap,0.061042303036183,205.821252906825,,,,,,
1557766237,ETH-DAI,oasis,0.276779665191932,204.56795,,,,,,
1557766237,ETH-DAI,oasis,0.279772747617845,204.56795,,,,,,
1557766331,ETH-DAI,uniswap,14.9195391238909,204.12421154153,,,,,,
1557766444,ETH-DAI,uniswap,0.415544956196428,204.898492187476,,,,,,
1557766519,ETH-DAI,uniswap,0.975884971651417,204.94218664066,,,,,,
1557766575,ETH-DAI,oasis,3.42312177032327,204,,,,,,
1557766575,ETH-DAI,oasis,2.50481752192808,202.7,,,,,,
1557766575,ETH-DAI,uniswap,9.975,203.43511849436,,,,,,
1557766621,ETH-DAI,oasis,7.70081847426465,202.7,,,,,,
1557766703,ETH-DAI,uniswap,4.92677727610418,202.972438971454,,,,,,
1557766885,ETH-DAI,oasis,8.50845687864265,203,,,,,,
1557766929,ETH-DAI,oasis,39.7104505533696,203,,,,,,
1557766929,ETH-DAI,oasis,3.6622322689557,202.7,,,,,,
1557766929,ETH-DAI,oasis,1.78109256798772,203,,,,,,
1557766942,ETH-DAI,oasis,2.15929721847869,202.7,,,,,,
1557767026,ETH-DAI,oasis,15.2987001571678,202.7,,,,,,
1557767026,ETH-DAI,oasis,0.276105811800691,202.7,,,,,,
1557767026,ETH-DAI,radarrelay,0.28,199.8808859,,,,,,
1557767046,ETH-DAI,oasis,0.02,203.39999,,,,,,
1557767046,ETH-DAI,oasis,0.02,203,,,,,,
1557767110,ETH-DAI,oasis,5.25635303672235,203.67,,,,,,
1557767117,ETH-DAI,oasis,1.3461599454174,203.67,,,,,,
1557767148,ETH-DAI,oasis,24.1033087368489,203.67,,,,,,
1557767191,ETH-DAI,oasis,20.8177500471585,202.91,,,,,,
1557767292,ETH-DAI,oasis,33.9999253868336,202.9,,,,,,
1557767292,ETH-DAI,oasis,0.107839142609765,202.9,,,,,,
1557767292,ETH-DAI,uniswap,52.8675,201.199509013224,,,,,,
1557767292,ETH-DAI,uniswap,34.1791757414538,201.835904796898,,,,,,
1557767301,ETH-DAI,uniswap,1.81726245832748,202.946166505714,,,,,,
1557767315,ETH-DAI,oasis,6.04396591720195,202.9,,,,,,
1557767363,ETH-DAI,oasis,10,204.354177275054,,,,,,
1557767363,ETH-DAI,oasis,0.725461490613886,202.7,,,,,,
1557767363,ETH-DAI,oasis,10,204.414529376135,,,,,,
1557767363,ETH-DAI,oasis,10,204.354186755418,,,,,,
1557767363,ETH-DAI,oasis,0.01999999901473,202.99001,,,,,,
1557767363,ETH-DAI,oasis,18.748631022605,204.37406,,,,,,
1557767363,ETH-DAI,oasis,2.67058708160962,204.57,,,,,,
1557767363,ETH-DAI,oasis,20.7343066163965,204.56795,,,,,,
1557767363,ETH-DAI,oasis,0.02,203.2,,,,,,
1557767363,ETH-DAI,uniswap,0.591072383609178,203.020820000525,,,,,,
1557767572,ETH-DAI,oasis,10,204.29243,,,,,,
1557767696,ETH-DAI,uniswap,8.03003842770185,203.28794372497,,,,,,
1557767708,ETH-DAI,oasis,7.31914430585422,204.57,,,,,,
1557767708,ETH-DAI,oasis,20,204.97117,,,,,,
1557767708,ETH-DAI,oasis,9.5482212326193,204.29243,,,,,,
1557767708,ETH-DAI,oasis,10,205.019590314462,,,,,,
1557767708,ETH-DAI,oasis,18.1647415034748,204.35214,,,,,,
1557767708,ETH-DAI,oasis,10,205.009504625538,,,,,,
1557767708,ETH-DAI,oasis,20,205.07,,,,,,
1557767708,ETH-DAI,oasis,7.97792133255299,205.09,,,,,,
1557767708,ETH-DAI,oasis,19.3131204216852,204.96912,,,,,,
1557767778,ETH-DAI,oasis,5,203,,,,,,
1557767800,ETH-DAI,uniswap,10.056385170321,203.850585004449,,,,,,
1557767853,ETH-DAI,uniswap,0.216356868393095,204.171564704088,,,,,,
1557768107,ETH-DAI,oasis,5,203.54,,,,,,
1557768117,ETH-DAI,uniswap,0.947393038348385,204.207902828471,,,,,,
1557768182,ETH-DAI,uniswap,0.2236051605936,204.244543574161,,,,,,
1557768219,ETH-DAI,uniswap,0.057791249059298,204.253349795224,,,,,,
1557768262,ETH-DAI,uniswap,0.212382415992048,204.261691847462,,,,,,
1557768268,ETH-DAI,oasis,19.1116580310081,203.54,,,,,,
1557768330,ETH-DAI,oasis,9.98330220827568,203.54,,,,,,
1557768357,ETH-DAI,oasis,5.20948271395927,203.54,,,,,,
1557768357,ETH-DAI,oasis,13.9254421409137,203.2,,,,,,
1557768361,ETH-DAI,uniswap,0.173411284972741,204.273578145995,,,,,,
1557768374,ETH-DAI,oasis,2.75961965849384,203,,,,,,
1557768374,ETH-DAI,uniswap,0.227650784929896,204.285931620135,,,,,,
1557768395,ETH-DAI,oasis,10,203,,,,,,
1557768582,ETH-DAI,oasis,1.327,203.56,,,,,,
1557768635,ETH-DAI,oasis,1,203,,,,,,
1557768635,ETH-DAI,oasis,0.171941200432545,203.55796,,,,,,
1557768635,ETH-DAI,uniswap,8.19891103116558,202.819369826109,,,,,,
1557768635,ETH-DAI,uniswap,8,202.326541781589,,,,,,
1557768648,ETH-DAI,uniswap,0.229359603615725,203.308369150523,,,,,,
1557768657,ETH-DAI,oasis,1.1794242298162,203,,,,,,
1557768683,ETH-DAI,uniswap,0.139819233987756,203.319666323515,,,,,,
1557768697,ETH-DAI,oasis,7.67249033111995,202.7,,,,,,
1557768697,ETH-DAI,radarrelay,7.67584911997844,202.611302776934,,,,,,
1557768697,ETH-DAI,uniswap,13.5644304473098,201.696046833727,,,,,,
1557768718,ETH-DAI,oasis,0.2467,202.69,,,,,,
1557768718,ETH-DAI,uniswap,2,201.225702582859,,,,,,
1557768744,ETH-DAI,airswap,0.994012141937856,201.204785698185,,,,,,
1557768749,ETH-DAI,oasis,0.952506055670855,202.267649916463,,,,,,
1557768786,ETH-DAI,oasis,5.35973304874657,201.53478150607,,,,,,
1557768792,ETH-DAI,uniswap,0.494088683869719,202.392815833782,,,,,,
1557768816,ETH-DAI,oasis,1.17519756218201,201.53478150607,,,,,,
1557768853,ETH-DAI,uniswap,4.93686382077102,202.557744411071,,,,,,
1557768906,ETH-DAI,oasis,10,201.29,,,,,,
1557768922,ETH-DAI,oasis,43.65211413,203.63,,,,,,
1557768922,ETH-DAI,oasis,10,202.869620141949,,,,,,
1557768922,ETH-DAI,oasis,21.9436907373486,201.53276,,,,,,
1557768922,ETH-DAI,oasis,5.93519382587695,203.99,,,,,,
1557768922,ETH-DAI,oasis,21.9086370935727,202.26562,,,,,,
1557768922,ETH-DAI,oasis,19.7969840824495,202.95854,,,,,,
1557768999,ETH-DAI,uniswap,9.975,201.193633007334,,,,,,
1557769043,ETH-DAI,oasis,47.52731097195,201,,,,,,
1557769092,ETH-DAI,oasis,20,201.2,,,,,,
1557769156,ETH-DAI,uniswap,8.82351270962155,200.628682392884,,,,,,
1557769173,ETH-DAI,uniswap,16.5,202.070231864964,,,,,,
1557769193,ETH-DAI,oasis,9.5596,201,,,,,,
1557769254,ETH-DAI,uniswap,0.094430951756971,202.574573138392,,,,,,
1557769297,ETH-DAI,uniswap,2.46727864602754,202.652424688646,,,,,,
1557769408,ETH-DAI,oasis,9.91307554097491,201.44393,,,,,,
1557769422,ETH-DAI,oasis,0.75,201.44393,,,,,,
1557769563,ETH-DAI,oasis,8.26369510155958,201.44393,,,,,,
1557769685,ETH-DAI,oasis,13.5769723252973,202.22079,,,,,,
1557769685,ETH-DAI,radarrelay,13.550804090604,202.6113027,,,,,,
1557769761,ETH-DAI,uniswap,9.85087445884893,203.027660981246,,,,,,
1557769804,ETH-DAI,uniswap,2,202.050348960381,,,,,,
1557769823,ETH-DAI,uniswap,6.77232221893061,201.785045867553,,,,,,
1557769884,ETH-DAI,oasis,5.15551537763493,202.22079,,,,,,
1557769884,ETH-DAI,oasis,10,202.087536183169,,,,,,
1557769884,ETH-DAI,oasis,5.81776587358484,202.22079,,,,,,
1557769884,ETH-DAI,oasis,19.5267187487802,201.9745,,,,,,
1557769884,ETH-DAI,uniswap,10,201.278953994918,,,,,,
1557769889,ETH-DAI,uniswap,2,201.010774593613,,,,,,
1557769889,ETH-DAI,uniswap,1.54828337401746,202.235649568985,,,,,,
1557770058,ETH-DAI,oasis,1.6179881335181,202.11251,,,,,,
1557770100,ETH-DAI,oasis,2.04014988946099,201.5,,,,,,
1557770128,ETH-DAI,oasis,9.99236933738218,201.5,,,,,,
1557770135,ETH-DAI,oasis,3.70378567159725,201.5,,,,,,
1557770172,ETH-DAI,oasis,0.292666389570846,201.1,,,,,,
1557770208,ETH-DAI,oasis,0.943747700459824,201.35442,,,,,,
1557770345,ETH-DAI,oasis,0.823656968045794,201.21517358822,,,,,,
1557770345,ETH-DAI,uniswap,0.749849337957188,200.928053259556,,,,,,
1557770455,ETH-DAI,oasis,18.4567757782733,201.1,,,,,,
1557770465,ETH-DAI,oasis,1.30996034564436,201.1,,,,,,
1557770565,ETH-DAI,oasis,3.48060505562753,201.114458208415,,,,,,
1557770810,ETH-DAI,oasis,1.89178166803079,201.1,,,,,,
1557770895,ETH-DAI,oasis,4.9802,201,,,,,,
1557770921,ETH-DAI,oasis,1.49657751128562,201.20549,,,,,,
1557771036,ETH-DAI,oasis,2.0488158184807,201.1,,,,,,
1557771036,ETH-DAI,oasis,0.100218642287133,201,,,,,,
1557771036,ETH-DAI,uniswap,0.067601201602557,202.118412639042,,,,,,
1557771042,ETH-DAI,oasis,0.024850216562182,201.20549,,,,,,
1557771059,ETH-DAI,oasis,15,201,,,,,,
1557771098,ETH-DAI,oasis,4.835,201.20549,,,,,,
1557771122,ETH-DAI,uniswap,7.99856254977745,202.362898324154,,,,,,
1557771196,ETH-DAI,oasis,3.11127676256338,201.20549,,,,,,
1557771196,ETH-DAI,uniswap,1,201.362432538431,,,,,,
1557771196,ETH-DAI,uniswap,3.11076389891483,201.238662231986,,,,,,
1557771235,ETH-DAI,oasis,9.77194029850746,201,,,,,,
1557771236,ETH-DAI,oasis,10.016436548836,201.20549,,,,,,
1557771259,ETH-DAI,radarrelay,0.3216476,199.482052131919,,,,,,
1557771302,ETH-DAI,ddex,7.95,201.71,,,,,,
1557771305,ETH-DAI,oasis,7.95,201.21316,,,,,,
1557771320,ETH-DAI,uniswap,0.203287912486442,202.36333243963,,,,,,
1557771364,ETH-DAI,oasis,0.083270694798175,201.21316,,,,,,
1557771498,ETH-DAI,oasis,5,201.21316,,,,,,
1557771696,ETH-DAI,oasis,4.97748,201.21316,,,,,,
1557771752,ETH-DAI,oasis,0.2503,199.78,,,,,,
1557771752,ETH-DAI,oasis,113.060730087255,201,,,,,,
1557771752,ETH-DAI,oasis,18.4070108517695,198.5,,,,,,
1557771752,ETH-DAI,oasis,10,198.663106066034,,,,,,
1557771752,ETH-DAI,oasis,44.28718051,200.71,,,,,,
1557771752,ETH-DAI,oasis,30,198.83775673066,,,,,,
1557771752,ETH-DAI,oasis,22.9947785509751,198.1,,,,,,
1557771752,ETH-DAI,oasis,40,198.158480202827,,,,,,
1557771796,ETH-DAI,uniswap,0.779621191727965,202.393164365211,,,,,,
1557771823,ETH-DAI,oasis,10.9878646634435,201.28438,,,,,,
1557771945,ETH-DAI,oasis,1.75000181453574,201.28438,,,,,,
1557771954,ETH-DAI,oasis,0.099361907764527,201.28438,,,,,,
1557771958,ETH-DAI,oasis,5,201.2,,,,,,
1557772017,ETH-DAI,oasis,0.069553335435169,201.28438,,,,,,
1557772104,ETH-DAI,oasis,7.097129,201.28438,,,,,,
1557772126,ETH-DAI,oasis,25.3558903800903,203.99,,,,,,
1557772126,ETH-DAI,oasis,37.977442953243,203.95,,,,,,
1557772126,ETH-DAI,oasis,10,202.978564818787,,,,,,
1557772126,ETH-DAI,oasis,20,202.9,,,,,,
1557772126,ETH-DAI,oasis,40,203.5,,,,,,
1557772294,ETH-DAI,oasis,9.857,202.89797,,,,,,
1557772428,ETH-DAI,uniswap,9.8659872539131,202.716661650536,,,,,,
1557772463,ETH-DAI,oasis,9.79702,202.806719775164,,,,,,
1557772598,ETH-DAI,oasis,0.20298,202.806719775164,,,,,,
1557772598,ETH-DAI,oasis,3.4999912344501,203.512222138063,,,,,,
1557772598,ETH-DAI,oasis,9.7970287655499,202.89797,,,,,,
1557772715,ETH-DAI,oasis,9.79702,203.48,,,,,,
1557772715,ETH-DAI,oasis,3.70298,203.5,,,,,,
1557773333,ETH-DAI,oasis,4.13696854907043,200.63,,,,,,
1557773503,ETH-DAI,oasis,5.05,202.78088,,,,,,
1557773716,ETH-DAI,oasis,11.3703623814086,201.14,,,,,,
1557773984,ETH-DAI,oasis,0.5,202.78088,,,,,,
1557774106,ETH-DAI,oasis,4.93121243439791,202.78088,,,,,,
1557774173,ETH-DAI,oasis,0.25,201.55,,,,,,
1557774222,ETH-DAI,oasis,0.625500952250949,202.78088,,,,,,
1557774263,ETH-DAI,oasis,10.7591808417017,202.78088,,,,,,
1557774358,ETH-DAI,oasis,3.11148,202.12,,,,,,
1557774358,ETH-DAI,oasis,0.625499158298283,202.79,,,,,,
1557774358,ETH-DAI,oasis,1.26302084170172,201.55,,,,,,
1557774386,ETH-DAI,oasis,9.51977,202.99797,,,,,,
1557774481,ETH-DAI,oasis,8.66679177408686,202.99797,,,,,,
1557774513,ETH-DAI,uniswap,0.309239158397313,201.79216573067,,,,,,
1557774732,ETH-DAI,uniswap,0.307,203.008320754091,,,,,,
1557774788,ETH-DAI,radarrelay,0.000199999999998,187.9311341,,,,,,
1557774831,ETH-DAI,radarrelay,0.7,200.092185185081,,,,,,
1557774959,ETH-DAI,radarrelay,0.059144355689229,202.25791,,,,,,
1557775123,ETH-DAI,radarrelay,0.828976923115396,202.25791,,,,,,
1557775172,ETH-DAI,oasis,7.69129705148211,202.57969,,,,,,
1557775172,ETH-DAI,oasis,20.0743729359077,202.49797,,,,,,
1557775172,ETH-DAI,oasis,21.5978,202.5,,,,,,
1557775422,ETH-DAI,airswap,0.0001,202.004589600798,,,,,,
1557775549,ETH-DAI,uniswap,2.00785917783054,203.07891203786,,,,,,
1557775590,ETH-DAI,oasis,0.3,202.57969,,,,,,
1557775590,ETH-DAI,oasis,0.768013899234065,202.57969,,,,,,
1557775684,ETH-DAI,uniswap,0.984395590155405,203.170353463719,,,,,,
1557775739,ETH-DAI,uniswap,0.2,201.9770569166,,,,,,
1557775813,ETH-DAI,radarrelay,0.049989826790457,200.040701119391,,,,,,
1557775834,ETH-DAI,oasis,19.4232347484173,202.49797,,,,,,
1557775834,ETH-DAI,oasis,21.2090688111958,202.49797,,,,,,
1557775834,ETH-DAI,oasis,10,202.5,,,,,,
1557775834,ETH-DAI,oasis,18.2849522500506,202.77885,,,,,,
1557775834,ETH-DAI,oasis,102.944246786301,202.78088,,,,,,
1557775834,ETH-DAI,oasis,13.138497404035,202.57969,,,,,,
1557775834,ETH-DAI,oasis,15,202.75,,,,,,
1557776003,ETH-DAI,oasis,10,202.5,,,,,,
1557776311,ETH-DAI,oasis,4.49836147568209,203,,,,,,
1557776311,ETH-DAI,oasis,97.0557532136987,202.78088,,,,,,
1557776311,ETH-DAI,oasis,18.4458853106192,202.77885,,,,,,
1557776347,ETH-DAI,oasis,60,202.5,,,,,,
1557776672,ETH-DAI,oasis,3.31035483978673,202.5,,,,,,
1557776828,ETH-DAI,oasis,19.4351945115764,202.97797,,,,,,
1557776828,ETH-DAI,oasis,14.5648054884236,202.97797,,,,,,
1557776828,ETH-DAI,uniswap,2,203.249336631057,,,,,,
1557776857,ETH-DAI,ddex,7.29,203.39,,,,,,
1557776860,ETH-DAI,uniswap,1.98159894720028,203.371121371144,,,,,,
1557776911,ETH-DAI,radarrelay,0.24908062450329,200.738215185178,,,,,,
1557776943,ETH-DAI,oasis,5.91777157268177,202.98,,,,,,
1557776943,ETH-DAI,oasis,4.1473829767201,202.97797,,,,,,
1557776943,ETH-DAI,oasis,0.010858843449858,202.97797,,,,,,
1557776943,ETH-DAI,uniswap,0.049156145796361,203.433361952886,,,,,,
1557776981,ETH-DAI,oasis,4.90056325473497,202.98,,,,,,
1557776984,ETH-DAI,oasis,4.85269484678293,202.98,,,,,,
1557777124,ETH-DAI,oasis,0.003226988225054,202.5,,,,,,
1557777194,ETH-DAI,oasis,1.4779929073091,202.97797,,,,,,
1557777194,ETH-DAI,oasis,0.609817138695239,202.5,,,,,,
1557777208,ETH-DAI,oasis,0.105150208891865,202.5,,,,,,
1557777208,ETH-DAI,oasis,4.30970113649761,202.5,,,,,,
1557777208,ETH-DAI,oasis,2.46332151218184,202.97797,,,,,,
1557777309,ETH-DAI,oasis,0.242636489565838,202.97797,,,,,,
1557777340,ETH-DAI,oasis,2.7,202.5,,,,,,
1557777342,ETH-DAI,uniswap,1.79370244576852,203.48971528754,,,,,,
1557777347,ETH-DAI,oasis,4.87615853248242,202.5,,,,,,
1557777385,ETH-DAI,radarrelay,0.27,200.64829,,,,,,
1557777435,ETH-DAI,oasis,1.54657801872462,202.97797,,,,,,
1557777511,ETH-DAI,ethfinextrustless,1.2602394102375,205.0324707361,,,,,,
1557777677,ETH-DAI,oasis,4.85251452446106,202.97797,,,,,,
1557777682,ETH-DAI,uniswap,0.003684691531355,203.544854058412,,,,,,
1557777711,ETH-DAI,oasis,4.74657158982716,202.5,,,,,,
1557777758,ETH-DAI,oasis,2.41689694820087,202.5,,,,,,
1557777758,ETH-DAI,oasis,99.9950617283951,202.5,,,,,,
1557777758,ETH-DAI,oasis,0.660685313750376,202.570784554295,,,,,,
1557777792,ETH-DAI,uniswap,10.5490144405873,202.006197144135,,,,,,
1557777812,ETH-DAI,uniswap,5,201.53564647661,,,,,,
1557777838,ETH-DAI,paradex,14.80721,201.83925,,,,,,
1557777842,ETH-DAI,oasis,9.64293561665231,202.5,,,,,,
1557777842,ETH-DAI,oasis,1.9376750881921,202.238291851926,,,,,,
1557777842,ETH-DAI,oasis,9.98218024079038,201.5,,,,,,
1557777842,ETH-DAI,oasis,7.28412527234568,202.5,,,,,,
1557777842,ETH-DAI,uniswap,8.10105851768238,201.140931851727,,,,,,
1557777867,ETH-DAI,oasis,21.5978,201,,,,,,
1557777867,ETH-DAI,oasis,45.531814900733,201.5,,,,,,
1557777867,ETH-DAI,oasis,19.49836,201.01,,,,,,
1557777867,ETH-DAI,uniswap,9.86648888718475,202.406813758199,,,,,,
1557777885,ETH-DAI,oasis,8.0100327167753,201,,,,,,
1557777885,ETH-DAI,uniswap,8,201.252072008979,,,,,,
1557777914,ETH-DAI,oasis,11.1539483488117,200.4,,,,,,
1557777914,ETH-DAI,oasis,1.85570890501046,201,,,,,,
1557777914,ETH-DAI,oasis,3.70298,200.7,,,,,,
1557777969,ETH-DAI,oasis,4.60794981132658,202.238291851926,,,,,,
1557777969,ETH-DAI,oasis,3.39205018867342,201,,,,,,
1557778090,ETH-DAI,uniswap,5.4285,200.84801741748,,,,,,
1557778405,ETH-DAI,oasis,63.4411899685579,200.36,,,,,,
1557778907,ETH-DAI,oasis,3.96438083110865,201.79696,,,,,,
1557778946,ETH-DAI,uniswap,0.3,200.675823057673,,,,,,
1557779055,ETH-DAI,uniswap,0.000218253997322,201.876258824417,,,,,,
1557779248,ETH-DAI,oasis,1,201.79696,,,,,,
1557779399,ETH-DAI,radarrelay,0.25082661163999,199.34089,,,,,,
1557779716,ETH-DAI,oasis,5,200,,,,,,
1557779716,ETH-DAI,oasis,8.83508015667077,199.15,,,,,,
1557779716,ETH-DAI,oasis,0.2503,199.78,,,,,,
1557779829,ETH-DAI,oasis,0.952731122418031,199.5,,,,,,
1557779829,ETH-DAI,radarrelay,0.000135509395999,202.6113027,,,,,,
1557780208,ETH-DAI,uniswap,1.2,200.6308953605,,,,,,
1557780445,ETH-DAI,oasis,5.16082732719224,201.382440083581,,,,,,
1557780753,ETH-DAI,oasis,1.5035516304092,201.38042,,,,,,
1557780828,ETH-DAI,uniswap,0.038746554298431,201.805041547055,,,,,,
1557781010,ETH-DAI,oasis,0.268149207355909,201.38042,,,,,,
1557781074,ETH-DAI,uniswap,0.371622988265697,201.817439631527,,,,,,
1557781201,ETH-DAI,oasis,0.248274492278663,201.38042,,,,,,
1557781517,ETH-DAI,oasis,16.31,201.38042,,,,,,
1557781517,ETH-DAI,uniswap,5,201.97984628692,,,,,,
1557781539,ETH-DAI,ddex,16.31,201.88,,,,,,
1557781546,ETH-DAI,ddex,7.49,202.46,,,,,,
1557781724,ETH-DAI,oasis,23.2726331476243,202.5,,,,,,
1557781724,ETH-DAI,oasis,13.2273668523757,202.49797,,,,,,
1557781724,ETH-DAI,oasis,6.43,202.49797,,,,,,
1557781729,ETH-DAI,ddex,6.43,203,,,,,,
1557781733,ETH-DAI,oasis,14.750185,202.5,,,,,,
1557781774,ETH-DAI,ddex,16.75,203,,,,,,
1557781778,ETH-DAI,ddex,6.35,203.11,,,,,,
1557781779,ETH-DAI,oasis,16.75,202.5,,,,,,
1557781803,ETH-DAI,oasis,55.9140081117165,202.5,,,,,,
1557781803,ETH-DAI,oasis,6.35,202.5,,,,,,
1557781803,ETH-DAI,oasis,2.8386460782,202.49797,,,,,,
1557781803,ETH-DAI,oasis,5.0476240222782,202.17,,,,,,
1557781803,ETH-DAI,uniswap,0.653,202.151334005868,,,,,,
1557781872,ETH-DAI,ddex,8.12,203,,,,,,
1557781877,ETH-DAI,oasis,8.12,202.5,,,,,,
1557781877,ETH-DAI,uniswap,12.2901462508083,202.544046162413,,,,,,
1557781934,ETH-DAI,oasis,0.964677189156141,202.8,,,,,,
1557781974,ETH-DAI,oasis,500,202.98,,,,,,
1557782032,ETH-DAI,uniswap,4.92443924301325,203.068806548642,,,,,,
1557782043,ETH-DAI,oasis,43.78542929,202.98,,,,,,
1557782043,ETH-DAI,oasis,39.5178731593076,202.98,,,,,,
1557782091,ETH-DAI,oasis,331.999187297903,203.77,,,,,,
1557782091,ETH-DAI,oasis,141.682384177779,202.98,,,,,,
1557782091,ETH-DAI,oasis,5.62,202.98,,,,,,
1557782091,ETH-DAI,oasis,21.7232836987137,202.98,,,,,,
1557782091,ETH-DAI,oasis,5.02140852431791,203,,,,,,
1557782091,ETH-DAI,oasis,11.29702,203.5,,,,,,
1557782091,ETH-DAI,ddex,5.62,203.48,,,,,,
1557782091,ETH-DAI,airswap,99.5478661997663,203.922000289421,,,,,,
1557782138,ETH-DAI,uniswap,14.7297112920056,203.669979711566,,,,,,
1557782159,ETH-DAI,oasis,0.066666666666667,203.77,,,,,,
1557782159,ETH-DAI,oasis,99.6221229817932,203.77,,,,,,
1557782169,ETH-DAI,oasis,4.99448500583069,203.77,,,,,,
1557782231,ETH-DAI,oasis,0.663177264717651,203.45,,,,,,
1557782274,ETH-DAI,oasis,0.073912971172094,203.45,,,,,,
1557782323,ETH-DAI,oasis,7.33424148871959,203.45,,,,,,
1557782355,ETH-DAI,oasis,7.35451102340773,202.07,,,,,,
1557782355,ETH-DAI,uniswap,3.94091102125848,202.998747163931,,,,,,
1557782355,ETH-DAI,uniswap,20.3717037103503,202.281600551004,,,,,,
1557782379,ETH-DAI,oasis,9.98036162557969,202.07,,,,,,
1557782379,ETH-DAI,radarrelay,9.9999,201.67518411993,,,,,,
1557782399,ETH-DAI,oasis,0.961539109183306,202.08,,,,,,
1557782402,ETH-DAI,oasis,5.0132817989492,202.08,,,,,,
1557782402,ETH-DAI,oasis,16.31842,202.08,,,,,,
1557782402,ETH-DAI,radarrelay,5.00013559426993,202.6113026,,,,,,
1557782402,ETH-DAI,uniswap,7.3766464240133,203.344435096825,,,,,,
1557782416,ETH-DAI,oasis,4.47073266766744,202.07,,,,,,
1557782416,ETH-DAI,uniswap,4.46751355888804,202.215603432979,,,,,,
1557782451,ETH-DAI,oasis,0.373864093468897,201.875163846135,,,,,,
1557782451,ETH-DAI,oasis,3.3919859470809,201.875163846135,,,,,,
1557782451,ETH-DAI,radarrelay,0.372468509472168,202.63156,,,,,,
1557782451,ETH-DAI,uniswap,3.3902697002776,201.977358548989,,,,,,
1557782476,ETH-DAI,oasis,6.23408761795061,201.875163846135,,,,,,
1557782476,ETH-DAI,uniswap,6.21590015841994,202.870168994594,,,,,,
1557782476,ETH-DAI,uniswap,19.4333558918107,203.685537960257,,,,,,
1557782491,ETH-DAI,uniswap,9.66195625840724,204.198842983434,,,,,,
1557782509,ETH-DAI,oasis,9.71197701538051,203.4,,,,,,
1557782524,ETH-DAI,oasis,22.302126863007,203.4,,,,,,
1557782524,ETH-DAI,oasis,0.05,203.4,,,,,,
1557782524,ETH-DAI,oasis,21.33,201.67,,,,,,
1557782524,ETH-DAI,radarrelay,4.18363398767151,203.01675885432,,,,,,
1557782524,ETH-DAI,uniswap,4.18100839941429,203.144250525635,,,,,,
1557782561,ETH-DAI,uniswap,11.351,204.589610218344,,,,,,
1557782622,ETH-DAI,uniswap,0.99979911727625,203.682472819577,,,,,,
1557782631,ETH-DAI,oasis,1.24486758963485,203.24,,,,,,
1557782631,ETH-DAI,radarrelay,5.81630784866837,203.01675885432,,,,,,
1557782631,ETH-DAI,uniswap,5.80635867009683,203.474151970385,,,,,,
1557782631,ETH-DAI,uniswap,1.24475638897285,203.258156502546,,,,,,
1557782651,ETH-DAI,radarrelay,2.60049519497206,202.99646,,,,,,
1557782651,ETH-DAI,uniswap,2.59906424495953,203.140756754913,,,,,,
1557782724,ETH-DAI,uniswap,3.0091340845595,204.377732170758,,,,,,
1557782745,ETH-DAI,oasis,0.05,203.4,,,,,,
1557782781,ETH-DAI,oasis,4.44694210304655,203.4,,,,,,
1557782781,ETH-DAI,uniswap,4.89443759308581,203.09637830053,,,,,,
1557782858,ETH-DAI,uniswap,0.489751981686511,204.18498288795,,,,,,
1557782864,ETH-DAI,oasis,49.0749374294548,203.77,,,,,,
1557782892,ETH-DAI,oasis,0.05,203.4,,,,,,
1557782941,ETH-DAI,oasis,0.299901671583087,203.4,,,,,,
1557783073,ETH-DAI,uniswap,3.464,204.306620465769,,,,,,
1557783085,ETH-DAI,uniswap,9.76969085257613,204.714768376998,,,,,,
1557783097,ETH-DAI,oasis,5.08153627768489,203.4,,,,,,
1557783097,ETH-DAI,uniswap,5.07570551591638,203.633657555584,,,,,,
1557783169,ETH-DAI,oasis,25.8,203.59,,,,,,
1557783189,ETH-DAI,oasis,2.93685756240822,204.3,,,,,,
1557783189,ETH-DAI,oasis,8.25426061582483,204.3,,,,,,
1557783189,ETH-DAI,oasis,15,203.75,,,,,,
1557783189,ETH-DAI,oasis,16.0126006183516,203.77,,,,,,
1557783229,ETH-DAI,oasis,10.5318814320861,204.3,,,,,,
1557783238,ETH-DAI,oasis,0.822328234399073,203.91,,,,,,
1557783301,ETH-DAI,oasis,97.7434780480642,204.31,,,,,,
1557783301,ETH-DAI,airswap,52.8505977796439,206.052541645885,,,,,,
1557783309,ETH-DAI,oasis,3.33333333333333,204.3,,,,,,
1557783311,ETH-DAI,oasis,48.9452302873085,204.31,,,,,,
1557783311,ETH-DAI,oasis,5.84895501933337,204.31,,,,,,
1557783333,ETH-DAI,oasis,53.301355782879,204.31,,,,,,
1557783373,ETH-DAI,airswap,146.525130727602,204.74303521197,,,,,,
1557783388,ETH-DAI,oasis,9.97185825222591,203.8,,,,,,
1557783388,ETH-DAI,radarrelay,9.9999,203.228503465399,,,,,,
1557783406,ETH-DAI,oasis,1.17375613344534,203.8,,,,,,
1557783406,ETH-DAI,oasis,9.98185345757599,203.8,,,,,,
1557783448,ETH-DAI,oasis,6.35894218659468,203.09,,,,,,
1557783448,ETH-DAI,oasis,2.59927517185435,203.09,,,,,,
1557783448,ETH-DAI,radarrelay,2.5968790461738,203.27739,,,,,,
1557783448,ETH-DAI,uniswap,6.35287969104887,203.283806947443,,,,,,
1557783485,ETH-DAI,oasis,24.6196267664582,203.09,,,,,,
1557783528,ETH-DAI,uniswap,1,204.344155077054,,,,,,
1557783528,ETH-DAI,uniswap,2.44558185366376,204.450323039052,,,,,,
1557783544,ETH-DAI,uniswap,0.149989728191143,203.295983613886,,,,,,
1557783595,ETH-DAI,oasis,122.363075718271,204.31,,,,,,
1557783601,ETH-DAI,oasis,0.01031941031941,203.5,,,,,,
1557783657,ETH-DAI,oasis,0.024989012906634,203.5,,,,,,
1557783663,ETH-DAI,oasis,6.61,203.5,,,,,,
1557783713,ETH-DAI,oasis,0.034,203.5,,,,,,
1557783726,ETH-DAI,oasis,1.5,204.29,,,,,,
1557783746,ETH-DAI,uniswap,2,203.230338738736,,,,,,
1557783892,ETH-DAI,uniswap,0.984547085106919,203.13909108601,,,,,,
1557783932,ETH-DAI,oasis,19.580008811004,204.29,,,,,,
1557783975,ETH-DAI,oasis,0.740630775963947,204.01,,,,,,
1557784021,ETH-DAI,oasis,6.20237284743103,204,,,,,,
1557784021,ETH-DAI,oasis,18.797627152569,204.01,,,,,,
1557784135,ETH-DAI,oasis,7.34250330412649,204.29,,,,,,
1557784168,ETH-DAI,oasis,10.84434,204.29,,,,,,
1557784183,ETH-DAI,radarrelay,0.745414973091791,201.230194475217,,,,,,
1557784228,ETH-DAI,oasis,0.735294117647059,204,,,,,,
1557784285,ETH-DAI,oasis,9.99460393515296,204,,,,,,
1557784285,ETH-DAI,oasis,0.188,204.184351069249,,,,,,
1557784285,ETH-DAI,radarrelay,9.9999,203.891959196712,,,,,,
1557784315,ETH-DAI,oasis,9.98659544748468,204,,,,,,
1557784315,ETH-DAI,radarrelay,9.999800001,203.730621720749,,,,,,
1557784324,ETH-DAI,oasis,2.59524419419537,204,,,,,,
1557784324,ETH-DAI,radarrelay,2.59687908233529,203.87157,,,,,,
1557784378,ETH-DAI,oasis,1.95861921572944,204.225505799008,,,,,,
1557784390,ETH-DAI,uniswap,0.480552967730252,204.347921237108,,,,,,
1557784429,ETH-DAI,oasis,1.99987970952921,204,,,,,,
1557784479,ETH-DAI,uniswap,1.68,203.087189614724,,,,,,
1557784543,ETH-DAI,oasis,8.73129683389645,204,,,,,,
1557784557,ETH-DAI,oasis,8.69095344130116,204,,,,,,
1557784582,ETH-DAI,oasis,1,204,,,,,,
1557784651,ETH-DAI,oasis,73.4268294733621,204,,,,,,
1557784820,ETH-DAI,uniswap,12,204.629244666321,,,,,,
1557784844,ETH-DAI,oasis,12.2351098712866,204.33,,,,,,
1557784853,ETH-DAI,oasis,1,204.01,,,,,,
1557784939,ETH-DAI,oasis,13.8618222489611,204.1,,,,,,
1557784939,ETH-DAI,oasis,7.301124,204.1,,,,,,
1557784939,ETH-DAI,airswap,99.5767492523477,205.168376688279,,,,,,
1557784948,ETH-DAI,oasis,43.50044045,204.1,,,,,,
1557784955,ETH-DAI,oasis,4.9436670563475,204.3,,,,,,
1557784955,ETH-DAI,oasis,20.51539013856,204.01,,,,,,
1557784955,ETH-DAI,oasis,67.7197196426136,204.33,,,,,,
1557784955,ETH-DAI,oasis,49.3366133010389,204.1,,,,,,
1557784985,ETH-DAI,oasis,12,204.33,,,,,,
1557784985,ETH-DAI,oasis,7.224954,204.33,,,,,,
1557784985,ETH-DAI,oasis,99.9853178681544,204.33,,,,,,
1557784986,ETH-DAI,ddex,5.83,204.61,,,,,,
1557784987,ETH-DAI,ddex,6.17,204.61,,,,,,
1557785012,ETH-DAI,oasis,189.202816099339,204.33,,,,,,
1557785040,ETH-DAI,oasis,22.5,204.33,,,,,,
1557785051,ETH-DAI,oasis,73,204.33,,,,,,
1557785079,ETH-DAI,oasis,0.489443429443546,204.33,,,,,,
1557785079,ETH-DAI,oasis,43.4196952,204.33,,,,,,
1557785087,ETH-DAI,oasis,11.8676201443638,204,,,,,,
1557785087,ETH-DAI,oasis,3.82278803754019,204.11,,,,,,
1557785087,ETH-DAI,oasis,10.4528404818214,204.01,,,,,,
1557785097,ETH-DAI,oasis,1.51226410817091,204.33,,,,,,
1557785116,ETH-DAI,oasis,39.1532092151261,204.33,,,,,,
1557785144,ETH-DAI,uniswap,9,205.279396072419,,,,,,
1557785197,ETH-DAI,oasis,8.99529309185039,204.33,,,,,,
1557785206,ETH-DAI,oasis,41.2629751541822,204,,,,,,
1557785226,ETH-DAI,oasis,0.734106592277199,204.33,,,,,,
1557785236,ETH-DAI,oasis,41.2629751541822,204,,,,,,
1557785236,ETH-DAI,uniswap,1.70223411708401,205.612140238126,,,,,,
1557785265,ETH-DAI,oasis,41.2629751541822,204,,,,,,
1557785265,ETH-DAI,oasis,1.67007147613812,204.33,,,,,,
1557785265,ETH-DAI,uniswap,0.797366119215414,205.689953520199,,,,,,
1557785265,ETH-DAI,uniswap,1.66924664594955,204.430966236978,,,,,,
1557785290,ETH-DAI,oasis,0.012464017722951,204,,,,,,
1557785341,ETH-DAI,oasis,20.6314875770911,204,,,,,,
1557785396,ETH-DAI,oasis,11.3636367522115,204,,,,,,
1557785396,ETH-DAI,uniswap,2.90118419377587,205.701382591944,,,,,,
1557785398,ETH-DAI,oasis,3.71926581265171,204.33,,,,,,
1557785398,ETH-DAI,uniswap,3.71718394149341,204.444439585028,,,,,,
1557785402,ETH-DAI,oasis,20.6314875770911,204,,,,,,
1557785431,ETH-DAI,oasis,12.5994362856184,203.5,,,,,,
1557785464,ETH-DAI,oasis,1.46866683322086,204,,,,,,
1557785464,ETH-DAI,oasis,0.043691990831897,204.32,,,,,,
1557785610,ETH-DAI,oasis,0.978856695379797,204.32,,,,,,
1557785610,ETH-DAI,uniswap,2.05251049435893,205.624919747844,,,,,,
1557785618,ETH-DAI,oasis,0.146828504306969,204.32,,,,,,
1557785618,ETH-DAI,oasis,2.22059868353657,204.32,,,,,,
1557785618,ETH-DAI,uniswap,2.21985724121291,204.388243800888,,,,,,
1557785667,ETH-DAI,oasis,25.3688074819546,204.32,,,,,,
1557785673,ETH-DAI,ddex,7.08,204.83,,,,,,
1557785676,ETH-DAI,oasis,7.08,204.32,,,,,,
1557785691,ETH-DAI,oasis,40.1371001781065,204.33,,,,,,
1557785691,ETH-DAI,oasis,3.31443231189347,204.32,,,,,,
1557785694,ETH-DAI,oasis,0.5,204.33,,,,,,
1557785694,ETH-DAI,uniswap,0.437818227865445,205.564762433006,,,,,,
1557785707,ETH-DAI,oasis,15,203.5,,,,,,
1557785707,ETH-DAI,oasis,10,203.662536956219,,,,,,
1557785707,ETH-DAI,oasis,16.0747216357519,204,,,,,,
1557785707,ETH-DAI,oasis,0.458933384745906,203.5,,,,,,
1557785707,ETH-DAI,oasis,43.39002246,204.33,,,,,,
1557785707,ETH-DAI,uniswap,0.369668002747992,205.589879121375,,,,,,
1557785736,ETH-DAI,oasis,24.785774189249,203.5,,,,,,
1557785736,ETH-DAI,oasis,60.5488697034237,203.5,,,,,,
1557785787,ETH-DAI,oasis,5.38030716371354,202.702404230198,,,,,,
1557785787,ETH-DAI,oasis,2,203.4,,,,,,
1557785787,ETH-DAI,oasis,25.1574754422007,203.5,,,,,,
1557785800,ETH-DAI,airswap,48.7931897064282,204.946634154613,,,,,,
1557785804,ETH-DAI,uniswap,0.0038,204.369519863222,,,,,,
1557785834,ETH-DAI,oasis,30,204.33,,,,,,
1557785834,ETH-DAI,oasis,48.9404394851466,204.33,,,,,,
1557785882,ETH-DAI,uniswap,2,204.307859270827,,,,,,
1557785899,ETH-DAI,oasis,2.44946899623159,204.33,,,,,,
1557785899,ETH-DAI,airswap,99.5607499436753,205.201347032419,,,,,,
1557785987,ETH-DAI,oasis,99.9853178681544,204.33,,,,,,
1557786001,ETH-DAI,oasis,98,204.33,,,,,,
1557786018,ETH-DAI,airswap,99.7359328825414,204.840917506234,,,,,,
1557786041,ETH-DAI,oasis,7.28500403213443,203.52,,,,,,
1557786045,ETH-DAI,oasis,99.9853178681544,204.33,,,,,,
1557786078,ETH-DAI,oasis,7.2909387405169,203.52,,,,,,
1557786083,ETH-DAI,oasis,0.998218394832142,204.218524778877,,,,,,
1557786083,ETH-DAI,uniswap,6.12415476859654,204.057986522103,,,,,,
1557786090,ETH-DAI,radarrelay,2.59843060352E-05,203.75187,,,,,,
1557786090,ETH-DAI,radarrelay,6.98051471360798,203.442391872044,,,,,,
1557786090,ETH-DAI,radarrelay,2.59843060352E-05,203.442391872044,,,,,,
1557786090,ETH-DAI,radarrelay,2.60235733228418,203.442391872044,,,,,,
1557786090,ETH-DAI,radarrelay,2.59840461923439,203.75187,,,,,,
1557786090,ETH-DAI,uniswap,8.56710903091812,203.18018234614,,,,,,
1557786090,ETH-DAI,uniswap,6.97319993111172,203.655802034249,,,,,,
1557786105,ETH-DAI,uniswap,0.453141522872256,204.155096665218,,,,,,
1557786197,ETH-DAI,uniswap,0.000210700657354,204.169071619977,,,,,,
1557786408,ETH-DAI,oasis,50,203.1,,,,,,
1557786408,ETH-DAI,oasis,1.19431088363138,203,,,,,,
1557786457,ETH-DAI,oasis,75,203,,,,,,
1557786467,ETH-DAI,uniswap,0.91,202.918186625496,,,,,,
1557786521,ETH-DAI,oasis,17.6986531981442,202.7,,,,,,
1557786572,ETH-DAI,oasis,0.049261083743842,203,,,,,,
1557786572,ETH-DAI,uniswap,0.443481080462852,204.126860810436,,,,,,
1557786754,ETH-DAI,airswap,49.0378160151119,203.924253007481,,,,,,
1557786762,ETH-DAI,oasis,7.315636,203,,,,,,
1557786802,ETH-DAI,oasis,49.2610837438424,203,,,,,,
1557786883,ETH-DAI,oasis,17.1550777469105,203,,,,,,
1557786924,ETH-DAI,oasis,0.75,204,,,,,,
1557787136,ETH-DAI,uniswap,1.4,202.874897071707,,,,,,
1557787185,ETH-DAI,uniswap,0.443858268197453,204.068275154996,,,,,,
1557787497,ETH-DAI,uniswap,0.622,202.840361740898,,,,,,
1557787717,ETH-DAI,oasis,0.25,203,,,,,,
1557787798,ETH-DAI,radarrelay,0.005012,199.50379735,,,,,,
1557787821,ETH-DAI,oasis,6.22233375953705,202.7,,,,,,
1557787821,ETH-DAI,oasis,52.8917917604787,203,,,,,,
1557787834,ETH-DAI,oasis,0.901756636731471,202.66,,,,,,
1557787834,ETH-DAI,oasis,2.65403906191186,202.66,,,,,,
1557787834,ETH-DAI,uniswap,2.65298301069717,202.740672012839,,,,,,
1557787844,ETH-DAI,oasis,7.31521479050017,202.53,,,,,,
1557787888,ETH-DAI,uniswap,15.8218392678134,202.179988541653,,,,,,
1557787900,ETH-DAI,oasis,10.5318814320861,202.53,,,,,,
1557787915,ETH-DAI,oasis,1,202.4,,,,,,
1557787915,ETH-DAI,oasis,44.18371608,201.18,,,,,,
1557787915,ETH-DAI,oasis,1,201.4,,,,,,
1557787915,ETH-DAI,oasis,39.7022332506203,201.5,,,,,,
1557787929,ETH-DAI,uniswap,9.52421744858502,201.412890297215,,,,,,
1557787937,ETH-DAI,uniswap,5,200.975270113099,,,,,,
1557787953,ETH-DAI,ddex,8,198.73,,,,,,
1557787966,ETH-DAI,oasis,7.97977194418995,199.233763962084,,,,,,
1557787995,ETH-DAI,oasis,8.73753406797495,198,,,,,,
1557787995,ETH-DAI,oasis,1,198.1,,,,,,
1557787995,ETH-DAI,oasis,0.252525252525252,198,,,,,,
1557787995,ETH-DAI,uniswap,24.6539432836016,200.088297922484,,,,,,
1557788003,ETH-DAI,oasis,7.79210936320896,198.891504545904,,,,,,
1557788003,ETH-DAI,uniswap,7.7830984409908,199.12177451008,,,,,,
1557788026,ETH-DAI,oasis,11.4989058714103,198.891504545904,,,,,,
1557788034,ETH-DAI,oasis,3.01200325133686,201.1,,,,,,
1557788034,ETH-DAI,oasis,5.94998495716549,198,,,,,,
1557788049,ETH-DAI,oasis,20.7089847653807,198.891504545904,,,,,,
1557788049,ETH-DAI,oasis,2.87110734881711,199.20333999583,,,,,,
1557788081,ETH-DAI,oasis,1.60326427672239,199,,,,,,
1557788088,ETH-DAI,oasis,2.7498703369859,199,,,,,,
1557788088,ETH-DAI,oasis,0.75,200.28958999583,,,,,,
1557788088,ETH-DAI,oasis,1.04793442145539,199,,,,,,
1557788114,ETH-DAI,uniswap,12.471184243085,200.462117411681,,,,,,
1557788139,ETH-DAI,oasis,23.8899461994556,199,,,,,,
1557788139,ETH-DAI,oasis,25.9121844317858,198.59,,,,,,
1557788139,ETH-DAI,radarrelay,9.9999,198.827744541049,,,,,,
1557788139,ETH-DAI,uniswap,9.97970426289343,199.337165303248,,,,,,
1557788182,ETH-DAI,oasis,18.8477732782142,198.59,,,,,,
1557788182,ETH-DAI,oasis,4.89595355108769,198,,,,,,
1557788182,ETH-DAI,uniswap,0.875177249661768,200.266363270584,,,,,,
1557788225,ETH-DAI,oasis,23.5026951724585,198,,,,,,
1557788225,ETH-DAI,oasis,18.0507908932524,198,,,,,,
1557788225,ETH-DAI,uniswap,17.999761810693,198.561327336052,,,,,,
1557788225,ETH-DAI,uniswap,2,197.971160147028,,,,,,
1557788226,ETH-DAI,oasis,0.1,198,,,,,,
1557788252,ETH-DAI,ddex,6.56,197.5,,,,,,
1557788261,ETH-DAI,oasis,6.54343434343434,198,,,,,,
1557788261,ETH-DAI,oasis,11.2651178286466,198,,,,,,
1557788261,ETH-DAI,oasis,2.60797525169091,198,,,,,,
1557788261,ETH-DAI,uniswap,0.11621509172755,197.908891677513,,,,,,
1557788262,ETH-DAI,oasis,2.76326155018652,196.59,,,,,,
1557788262,ETH-DAI,oasis,22.6118657074685,196.59,,,,,,
1557788262,ETH-DAI,uniswap,22.5365901631839,197.246646241868,,,,,,
1557788276,ETH-DAI,uniswap,0.694665661403409,196.567873715674,,,,,,
1557788303,ETH-DAI,oasis,0.1,196.59,,,,,,
1557788329,ETH-DAI,oasis,1,196.1,,,,,,
1557788329,ETH-DAI,oasis,42.1677897193052,195.66,,,,,,
1557788330,ETH-DAI,uniswap,1,197.761555889988,,,,,,
1557788348,ETH-DAI,radarrelay,1.59249711566846,197.16335,,,,,,
1557788429,ETH-DAI,oasis,15,197,,,,,,
1557788462,ETH-DAI,oasis,20.8735045373998,195.76,,,,,,
1557788462,ETH-DAI,oasis,10,195.915492356159,,,,,,
1557788462,ETH-DAI,oasis,11.3223011678783,197,,,,,,
1557788503,ETH-DAI,radarrelay,4.08943807072961,196.368798925313,,,,,,
1557788503,ETH-DAI,uniswap,4.08697062480673,196.487354765861,,,,,,
1557788541,ETH-DAI,oasis,3,195,,,,,,
1557788541,ETH-DAI,oasis,1.96024323751289,195,,,,,,
1557788543,ETH-DAI,uniswap,5,196.223601414072,,,,,,
1557788569,ETH-DAI,radarrelay,4.31816795105917,195.829011190976,,,,,,
1557788569,ETH-DAI,uniswap,4.31542064810016,195.95368200428,,,,,,
1557788569,ETH-DAI,uniswap,14.9625,195.397614112682,,,,,,
1557788587,ETH-DAI,oasis,1.19787759098276,195.883,,,,,,
1557788587,ETH-DAI,oasis,25.3836618605089,196.977096034313,,,,,,
1557788601,ETH-DAI,oasis,1.00000037595942,195.883,,,,,,
1557788610,ETH-DAI,oasis,0.89474026217157,195.883,,,,,,
1557788615,ETH-DAI,radarrelay,10.426571734735,192.9133701,,,,,,
1557788689,ETH-DAI,uniswap,8,196.37312015298,,,,,,
1557788690,ETH-DAI,uniswap,2.082,196.666367901259,,,,,,
1557788739,ETH-DAI,airswap,2.02535127094687,197.496605027431,,,,,,
1557788755,ETH-DAI,uniswap,9.33612285983111,195.279872003071,,,,,,
1557788763,ETH-DAI,radarrelay,0.000139010231549,197.508699137808,,,,,,
1557788788,ETH-DAI,uniswap,6.43403731869513,194.826429383716,,,,,,
1557788816,ETH-DAI,oasis,1.03324833972595,196.949714,,,,,,
1557788816,ETH-DAI,radarrelay,1.0351253378966E-05,196.594550000015,,,,,,
1557788816,ETH-DAI,radarrelay,0.99999,203.5,,,,,,
1557788816,ETH-DAI,radarrelay,9.999999999872E-06,203.5,,,,,,
1557788829,ETH-DAI,oasis,2.05959143256232,196.949714,,,,,,
1557788829,ETH-DAI,radarrelay,2.0633328848637E-05,196.594550000009,,,,,,
1557788829,ETH-DAI,radarrelay,1.99998,202.82,,,,,,
1557788829,ETH-DAI,radarrelay,2E-05,202.82,,,,,,
1557789002,ETH-DAI,ddex,2,196,,,,,,
1557789004,ETH-DAI,uniswap,7.87484885531905,194.416609435154,,,,,,
1557789019,ETH-DAI,uniswap,8.74654473707192,193.942134953867,,,,,,
1557789030,ETH-DAI,oasis,1.0478726129048,195.06,,,,,,
1557789030,ETH-DAI,oasis,1.04554260586119,195.114,,,,,,
1557789030,ETH-DAI,oasis,1.05460888097394,194.06,,,,,,
1557789030,ETH-DAI,oasis,1.20496136432391,195.027,,,,,,
1557789030,ETH-DAI,oasis,1.90227144541865,195.03,,,,,,
1557789030,ETH-DAI,oasis,39.9640469260371,195.06,,,,,,
1557789030,ETH-DAI,oasis,6.03975676248711,195,,,,,,
1557789030,ETH-DAI,oasis,2.07609263986713,195.078,,,,,,
1557789030,ETH-DAI,radarrelay,9.95,193.733483701057,,,,,,
1557789030,ETH-DAI,radarrelay,39.9996,194.886623701057,,,,,,
1557789030,ETH-DAI,uniswap,2,193.635890889339,,,,,,
1557789032,ETH-DAI,paradex,2.08236,194.48326,,,,,,
1557789081,ETH-DAI,ddex,6.45,194.57,,,,,,
1557789082,ETH-DAI,ddex,7.95,194.57,,,,,,
1557789113,ETH-DAI,oasis,1.37680523450623,194.06,,,,,,
1557789113,ETH-DAI,oasis,9.99392635997917,194.06,,,,,,
1557789113,ETH-DAI,oasis,14,194.06,,,,,,
1557789122,ETH-DAI,oasis,9.93325859438068,194.06,,,,,,
1557789122,ETH-DAI,oasis,1.19758483543598,194.06,,,,,,
1557789130,ETH-DAI,oasis,12.164608733695,191.94,,,,,,
1557789130,ETH-DAI,oasis,8.248618734724,194.06,,,,,,
1557789130,ETH-DAI,oasis,0.25774,193.96,,,,,,
1557789130,ETH-DAI,uniswap,9.975,193.296336743389,,,,,,
1557789173,ETH-DAI,oasis,6.03437379175291,191.94,,,,,,
1557789174,ETH-DAI,uniswap,2.0059254190561,194.238204463604,,,,,,
1557789174,ETH-DAI,uniswap,0.077248392881063,194.178797002224,,,,,,
1557789177,ETH-DAI,oasis,2.06978320073336,191.94,,,,,,
1557789177,ETH-DAI,oasis,1.47439055627545,191.94,,,,,,
1557789177,ETH-DAI,oasis,1,192.2,,,,,,
1557789202,ETH-DAI,oasis,0.800694084006964,192.047259906791,,,,,,
1557789202,ETH-DAI,uniswap,5,194.43835574806,,,,,,
1557789223,ETH-DAI,ddex,2.15,194.18,,,,,,
1557789226,ETH-DAI,oasis,2,194.509111,,,,,,
1557789259,ETH-DAI,uniswap,3.5,193.316782637062,,,,,,
1557789319,ETH-DAI,uniswap,51.0592916353336,195.8507390079,,,,,,
1557789337,ETH-DAI,uniswap,2.17464857456236,196.089932869566,,,,,,
1557789346,ETH-DAI,oasis,17.4,194.509111,,,,,,
1557789346,ETH-DAI,uniswap,17.4,195.525039005541,,,,,,
1557789346,ETH-DAI,uniswap,2,194.965647416581,,,,,,
1557789375,ETH-DAI,oasis,3.83318392329275,195.659800053565,,,,,,
1557789523,ETH-DAI,uniswap,7.20983718238163,194.701665367554,,,,,,
1557789552,ETH-DAI,uniswap,9.975,194.210184884964,,,,,,
1557789552,ETH-DAI,uniswap,1.16554476503514,195.127401252953,,,,,,
1557789572,ETH-DAI,oasis,14.1,192.88,,,,,,
1557789768,ETH-DAI,uniswap,0.079,195.163241966795,,,,,,
1557789807,ETH-DAI,oasis,14.1,194.88,,,,,,
1557789807,ETH-DAI,oasis,7.35446,196.48,,,,,,
1557789807,ETH-DAI,oasis,1.04554,194.902,,,,,,
1557789826,ETH-DAI,ddex,0.2,195.35,,,,,,
1557789829,ETH-DAI,uniswap,2,195.222980665203,,,,,,
1557789884,ETH-DAI,oasis,0.093185242035272,193.872,,,,,,
1557789901,ETH-DAI,oasis,7.541828,196.48,,,,,,
1557789909,ETH-DAI,oasis,0.109206914889973,196.48,,,,,,
1557789925,ETH-DAI,oasis,7.539759,196.48,,,,,,
1557789927,ETH-DAI,oasis,3.75,196.48,,,,,,
1557789963,ETH-DAI,uniswap,6.03274109550002,195.454218779175,,,,,,
1557789985,ETH-DAI,uniswap,0.917444376086958,195.864958041022,,,,,,
1557789985,ETH-DAI,uniswap,3.634,195.733288026579,,,,,,
1557790002,ETH-DAI,oasis,2.54781413812408,196.48,,,,,,
1557790071,ETH-DAI,oasis,1.18660162875392,195.304646054065,,,,,,
1557790099,ETH-DAI,uniswap,0.158343474129451,194.713414462706,,,,,,
1557790124,ETH-DAI,oasis,12.1688514859278,196.48,,,,,,
1557790124,ETH-DAI,oasis,2.83114851407218,196.99,,,,,,
1557790124,ETH-DAI,oasis,1.26198676419856,196.99,,,,,,
1557790150,ETH-DAI,oasis,0.292666966882415,196.99,,,,,,
1557790176,ETH-DAI,uniswap,8.96553092792695,196.141678596707,,,,,,
1557790202,ETH-DAI,uniswap,0.515311746124536,196.417024764538,,,,,,
1557790303,ETH-DAI,oasis,0.2945,196.99,,,,,,
1557790370,ETH-DAI,uniswap,0.517,196.447009704419,,,,,,
1557790679,ETH-DAI,uniswap,1.00939262896295,195.256032533634,,,,,,
1557790719,ETH-DAI,oasis,5,194.980973321659,,,,,,
1557790753,ETH-DAI,uniswap,9.85308280775803,196.689709993514,,,,,,
1557790812,ETH-DAI,oasis,0.05,196.99,,,,,,
1557790911,ETH-DAI,oasis,3.24183583465544,196.99,,,,,,
1557791023,ETH-DAI,ddex,7.51,195.98,,,,,,
1557791063,ETH-DAI,ddex,7.52,195.66,,,,,,
1557791104,ETH-DAI,oasis,3.274637059962,195.017,,,,,,
1557791275,ETH-DAI,oasis,10,195.017,,,,,,
1557791296,ETH-DAI,uniswap,1.01519399761151,197.006680960043,,,,,,
1557791328,ETH-DAI,oasis,1.91986660495308,194.89,,,,,,
1557791328,ETH-DAI,oasis,6.12879956351185,195.017,,,,,,
1557791328,ETH-DAI,oasis,1.95133383153507,194.9,,,,,,
1557791421,ETH-DAI,uniswap,9.975,195.568292442145,,,,,,
1557791745,ETH-DAI,oasis,0.250000102301735,196.89,,,,,,
1557791859,ETH-DAI,uniswap,0.678473859665228,196.476902719528,,,,,,
1557792036,ETH-DAI,oasis,14,196.89,,,,,,
1557792036,ETH-DAI,oasis,19.5,196.868,,,,,,
1557792036,ETH-DAI,oasis,16.7778598976983,196.89,,,,,,
1557792036,ETH-DAI,oasis,8.64562937010186,197,,,,,,
1557792036,ETH-DAI,uniswap,8.65669587296178,196.748160141537,,,,,,
1557792067,ETH-DAI,oasis,1.04943939212245,197,,,,,,
1557792121,ETH-DAI,uniswap,0.253796612329154,197.008145779164,,,,,,
1557792125,ETH-DAI,uniswap,9.975,195.547680123901,,,,,,
1557792312,ETH-DAI,uniswap,19.95,194.687928581979,,,,,,
1557792312,ETH-DAI,uniswap,1.0019713967102,195.314911333876,,,,,,
1557792396,ETH-DAI,uniswap,0.130978368067783,195.347579477406,,,,,,
1557792495,ETH-DAI,uniswap,0.99,194.152791961774,,,,,,
1557792502,ETH-DAI,oasis,2.12838937887015,197.825662352215,,,,,,
1557792502,ETH-DAI,oasis,0.027071340077424,197,,,,,,
1557792513,ETH-DAI,oasis,10.0185377628166,195.127,,,,,,
1557792580,ETH-DAI,oasis,0.375,197.75,,,,,,
1557792587,ETH-DAI,oasis,7.87161062112985,197.825662352215,,,,,,
1557792587,ETH-DAI,oasis,31.4260906689658,197.98,,,,,,
1557792587,ETH-DAI,oasis,9.625,197.75,,,,,,
1557792604,ETH-DAI,uniswap,0.724,195.31532222586,,,,,,
1557792630,ETH-DAI,oasis,10.0083755125121,195.325127,,,,,,
1557792682,ETH-DAI,uniswap,2.085,195.396188099688,,,,,,
1557792708,ETH-DAI,uniswap,11.5222263391806,195.788619766054,,,,,,
1557792753,ETH-DAI,uniswap,6.58982661580608,196.313289787285,,,,,,
1557792816,ETH-DAI,oasis,10,197.919,,,,,,
1557792816,ETH-DAI,oasis,110,198,,,,,,
1557792914,ETH-DAI,oasis,18.9007463060238,198,,,,,,
1557792919,ETH-DAI,uniswap,0.75,196.52667085023,,,,,,
1557792986,ETH-DAI,radarrelay,0.5042461,198.31583,,,,,,
1557793312,ETH-DAI,uniswap,0.381563693592029,196.559581688583,,,,,,
1557793468,ETH-DAI,radarrelay,9.29426881003216,197.112238045885,,,,,,
1557793468,ETH-DAI,uniswap,9.30706283290228,196.841276247645,,,,,,
1557793477,ETH-DAI,oasis,0.005056145093994,197,,,,,,
1557793516,ETH-DAI,oasis,1.09341195639196,196.960523796352,,,,,,
1557793516,ETH-DAI,oasis,0.02201519498343,197,,,,,,
1557793550,ETH-DAI,uniswap,0.507285023783797,197.127838023106,,,,,,
1557793550,ETH-DAI,airswap,99.6322898166849,198.730753216958,,,,,,
1557793580,ETH-DAI,oasis,100.016099625265,198,,,,,,
1557793598,ETH-DAI,oasis,40.4040828081379,198,,,,,,
1557793598,ETH-DAI,radarrelay,1.5172528,197.218474129938,,,,,,
1557793607,ETH-DAI,uniswap,0.507208793968108,197.157464912345,,,,,,
1557793612,ETH-DAI,uniswap,0.507132581342333,197.187094024425,,,,,,
1557793630,ETH-DAI,airswap,99.6249845458183,198.745325685786,,,,,,
1557793662,ETH-DAI,uniswap,6.65632739064284,197.396307666568,,,,,,
1557793707,ETH-DAI,oasis,100,198,,,,,,
1557793768,ETH-DAI,uniswap,24.9903992831202,198.325378632413,,,,,,
1557793787,ETH-DAI,uniswap,1.34912323497345,197.832095260616,,,,,,
1557793787,ETH-DAI,airswap,99.5970017199384,198.801165276808,,,,,,
1557793819,ETH-DAI,oasis,100,198,,,,,,
1557793819,ETH-DAI,uniswap,4.6717,197.655629992351,,,,,,
1557793831,ETH-DAI,uniswap,0.010125648487382,197.518213524028,,,,,,
1557793841,ETH-DAI,oasis,0.376190003828309,197.125883665945,,,,,,
1557793876,ETH-DAI,airswap,35.2833984991353,198.79037446384,,,,,,
1557793921,ETH-DAI,oasis,35.4242424242424,198,,,,,,
1557793953,ETH-DAI,oasis,0.3,199.42,,,,,,
1557794157,ETH-DAI,oasis,0.5,196.24161,,,,,,
1557794952,ETH-DAI,uniswap,0.000368094510243,198.708389287094,,,,,,
1557795018,ETH-DAI,uniswap,3.05050548350365,197.428773115272,,,,,,
1557795202,ETH-DAI,oasis,10.6454539180314,196.99,,,,,,
1557795202,ETH-DAI,oasis,18.2276481457945,196.843826,,,,,,
1557795202,ETH-DAI,oasis,7.59514963801233,196.22,,,,,,
1557795254,ETH-DAI,airswap,1.16582229357224,197.285642304239,,,,,,
1557795280,ETH-DAI,uniswap,1.49998015089109,197.295585871941,,,,,,
1557795738,ETH-DAI,oasis,1.234,195.605340524451,,,,,,
1557795762,ETH-DAI,oasis,15.0640220938991,199.15,,,,,,
1557796287,ETH-DAI,oasis,1.5,198.64,,,,,,
1557796536,ETH-DAI,oasis,0.684655658477648,198.64,,,,,,
1557796590,ETH-DAI,uniswap,5.03552758001932,198.588923227815,,,,,,
1557796620,ETH-DAI,uniswap,3,197.459530233418,,,,,,
1557796755,ETH-DAI,uniswap,0.079030936349462,198.563506177855,,,,,,
1557796848,ETH-DAI,oasis,0.251711639146194,198.64,,,,,,
1557797019,ETH-DAI,uniswap,3.4,197.276966391483,,,,,,
1557797071,ETH-DAI,uniswap,3,197.089987101022,,,,,,
1557797132,ETH-DAI,uniswap,2.26978811871035,198.256390669487,,,,,,
1557797192,ETH-DAI,oasis,1.3,199.119,,,,,,
1557797192,ETH-DAI,oasis,3.7,199.15,,,,,,
1557797207,ETH-DAI,uniswap,5.03850165461493,198.471702214103,,,,,,
1557797223,ETH-DAI,radarrelay,1.30370103116615,197.857584369264,,,,,,
1557797265,ETH-DAI,oasis,7.395542,199.15,,,,,,
1557797265,ETH-DAI,uniswap,8.7549520647971,198.879112746935,,,,,,
1557797273,ETH-DAI,oasis,5.69,199.15,,,,,,
1557797291,ETH-DAI,oasis,8,199.15,,,,,,
1557797292,ETH-DAI,ddex,8,199.64,,,,,,
1557797314,ETH-DAI,oasis,0.107614884085982,199.15,,,,,,
1557797314,ETH-DAI,radarrelay,1.52047517184413,198.802870040168,,,,,,
1557797320,ETH-DAI,ddex,6.58,199.86,,,,,,
1557797320,ETH-DAI,ddex,8.01,199.86,,,,,,
1557797325,ETH-DAI,ddex,0.79,199.64,,,,,,
1557797345,ETH-DAI,oasis,15.278843115914,199.15,,,,,,
1557797345,ETH-DAI,oasis,0.101156884085982,199.99,,,,,,
1557797376,ETH-DAI,uniswap,5.01787907816858,199.287385052926,,,,,,
1557797431,ETH-DAI,oasis,5.00025001250063,199.99,,,,,,
1557797457,ETH-DAI,oasis,43.8985931034134,199.99,,,,,,
1557797457,ETH-DAI,uniswap,10.88,197.922381499144,,,,,,
1557797463,ETH-DAI,oasis,6.99971972084059,199.204,,,,,,
1557797463,ETH-DAI,uniswap,7.00687355160279,199.000618036181,,,,,,
1557797475,ETH-DAI,oasis,5.98159290336479,200,,,,,,
1557797475,ETH-DAI,uniswap,6,199.38643011216,,,,,,
1557797535,ETH-DAI,oasis,1.48213919248767,201.567527,,,,,,
1557797535,ETH-DAI,uniswap,2,199.624409269449,,,,,,
1557797553,ETH-DAI,oasis,0.973983445121011,201.567527,,,,,,
1557797573,ETH-DAI,uniswap,5.00418153118755,199.832878517236,,,,,,
1557797624,ETH-DAI,oasis,1.78011773326408,202.545991327473,,,,,,
1557797688,ETH-DAI,uniswap,1.99958124404423,200.04188436524,,,,,,
1557797689,ETH-DAI,oasis,10,202.240658509985,,,,,,
1557797689,ETH-DAI,oasis,10,201.736692089794,,,,,,
1557797689,ETH-DAI,oasis,0.381312895775679,202.545991327473,,,,,,
1557797782,ETH-DAI,oasis,1.32421470814313,201.315323304706,,,,,,
1557797782,ETH-DAI,uniswap,4.90804629790643,198.757931145065,,,,,,
1557797782,ETH-DAI,uniswap,0.149964828363257,199.814194239308,,,,,,
1557797819,ETH-DAI,oasis,12.0745614827773,198.427079,,,,,,
1557797819,ETH-DAI,oasis,0.119813993221813,200,,,,,,
1557797863,ETH-DAI,airswap,7.82356226723408,200.420210952618,,,,,,
1557797923,ETH-DAI,oasis,5.83264497861675,199.145438962978,,,,,,
1557797923,ETH-DAI,uniswap,6.24984983570359,200.00480537294,,,,,,
1557797947,ETH-DAI,uniswap,4.99149643052296,200.340722250147,,,,,,
1557798054,ETH-DAI,uniswap,14.1338998111295,199.167343851686,,,,,,
1557798054,ETH-DAI,uniswap,4.98406376835333,200.639487469958,,,,,,
1557798185,ETH-DAI,oasis,30,198.401506236817,,,,,,
1557798185,ETH-DAI,oasis,10,199.170423970198,,,,,,
1557798185,ETH-DAI,oasis,10,198.400306363981,,,,,,
1557798185,ETH-DAI,oasis,2.24374909572394,199.220136,,,,,,
1557798185,ETH-DAI,oasis,3.44551118148496,198.391639826841,,,,,,
1557798185,ETH-DAI,oasis,0.61998177821963,199.18,,,,,,
1557798208,ETH-DAI,uniswap,13.1189735222403,198.36157158405,,,,,,
1557798214,ETH-DAI,uniswap,29.9910171542768,200.059903574974,,,,,,
1557798274,ETH-DAI,uniswap,14.8952438776736,201.40657142893,,,,,,
1557798361,ETH-DAI,oasis,4.07137157985674,199.160496089458,,,,,,
1557798361,ETH-DAI,uniswap,14.8290286366826,202.30590104728,,,,,,
1557798361,ETH-DAI,uniswap,0.99979911727625,201.512395093197,,,,,,
1557798407,ETH-DAI,oasis,12.099879,201.639,,,,,,
1557798407,ETH-DAI,radarrelay,12.0782549588168,202,,,,,,
1557798427,ETH-DAI,radarrelay,7.92174504118317,202,,,,,,
1557798427,ETH-DAI,radarrelay,7.92174504118317,201.972640894971,,,,,,
1557798515,ETH-DAI,uniswap,9.66828733858048,201.191330020666,,,,,,
1557798601,ETH-DAI,uniswap,1.25,200.862539855779,,,,,,
1557798601,ETH-DAI,uniswap,2.5,200.75002685881,,,,,,
1557798692,ETH-DAI,uniswap,0.348865105115821,201.894941532247,,,,,,
1557798702,ETH-DAI,oasis,14.8283840892701,202.314694705731,,,,,,
1557798767,ETH-DAI,oasis,14.8283840892701,202.314694705731,,,,,,
1557798794,ETH-DAI,oasis,14.8246774930169,202.365279205105,,,,,,
1557798810,ETH-DAI,oasis,14.8246774930169,202.365279205105,,,,,,
1557798825,ETH-DAI,uniswap,14.8254630699711,202.354556201113,,,,,,
1557798860,ETH-DAI,uniswap,2,201.530655922854,,,,,,
1557798860,ETH-DAI,uniswap,0.610319609497998,201.451826365417,,,,,,
1557798956,ETH-DAI,uniswap,1.99829884589701,201.37322832166,,,,,,
1557798964,ETH-DAI,oasis,14.7912789775587,202.82221737225,,,,,,
1557798964,ETH-DAI,oasis,14.7912789775587,202.82221737225,,,,,,
1557798964,ETH-DAI,uniswap,0.124791332311489,201.309149536922,,,,,,
1557799092,ETH-DAI,uniswap,14.7806264807177,202.968392707419,,,,,,
1557799101,ETH-DAI,oasis,4.06801240732897,199.325781,,,,,,
1557799101,ETH-DAI,oasis,4.5,201.697,,,,,,
1557799101,ETH-DAI,uniswap,4.4921280606539,202.065811213902,,,,,,
1557799101,ETH-DAI,uniswap,5,201.778511192458,,,,,,
1557799128,ETH-DAI,oasis,14.7795841434644,202.982707150567,,,,,,
1557799149,ETH-DAI,uniswap,0.05,201.625643666589,,,,,,
1557799173,ETH-DAI,oasis,4.55510015702052,199.337,,,,,,
1557799173,ETH-DAI,oasis,8.8374339721177,199.303935189469,,,,,,
1557799173,ETH-DAI,oasis,8.17325406486912,199.325781,,,,,,
1557799175,ETH-DAI,uniswap,17.7794228400726,201.089365267392,,,,,,
1557799228,ETH-DAI,uniswap,14.8359106655538,202.212056113645,,,,,,
1557799263,ETH-DAI,uniswap,5,201.298649456101,,,,,,
1557799270,ETH-DAI,oasis,6.02670401176856,199.3,,,,,,
1557799270,ETH-DAI,oasis,1.1625660278823,199.303935189469,,,,,,
1557799282,ETH-DAI,oasis,14.7795841434644,202.982707150567,,,,,,
1557799287,ETH-DAI,uniswap,14.7921913189806,202.80970785921,,,,,,
1557799300,ETH-DAI,oasis,10,201.340888618101,,,,,,
1557799300,ETH-DAI,uniswap,9.98012774349779,201.742394462198,,,,,,
1557799308,ETH-DAI,uniswap,5.96209135100726,201.261079533027,,,,,,
1557799308,ETH-DAI,uniswap,0.5,201.066288308736,,,,,,
1557799385,ETH-DAI,oasis,9.01211935985803,201.401462313653,,,,,,
1557799385,ETH-DAI,uniswap,14.799291169769,202.712411397661,,,,,,
1557799385,ETH-DAI,uniswap,8.99988090534652,201.675337341667,,,,,,
1557799413,ETH-DAI,oasis,14.8185200473873,202.449366765809,,,,,,
1557799413,ETH-DAI,uniswap,0.2,201.397168559923,,,,,,
1557799426,ETH-DAI,radarrelay,8.00985782942076,201.7968698323,,,,,,
1557799426,ETH-DAI,uniswap,14.7743412144154,203.05473905482,,,,,,
1557799426,ETH-DAI,uniswap,8,202.045529722356,,,,,,
1557799443,ETH-DAI,uniswap,2,201.742558307446,,,,,,
1557799465,ETH-DAI,oasis,14.8001973359645,202.7,,,,,,
1557799514,ETH-DAI,uniswap,2,201.621696706413,,,,,,
1557799533,ETH-DAI,uniswap,1.49998015089109,202.412637300737,,,,,,
1557799533,ETH-DAI,uniswap,14.7618882699702,203.226033494836,,,,,,
1557799563,ETH-DAI,radarrelay,6.00596147614,201.984538858772,,,,,,
1557799563,ETH-DAI,uniswap,6,202.185226526948,,,,,,
1557799568,ETH-DAI,uniswap,9.86901217542708,201.705047949162,,,,,,
1557799579,ETH-DAI,uniswap,14.7732097719991,203.07029049883,,,,,,
1557799591,ETH-DAI,radarrelay,7.99610364671924,201.303385251029,,,,,,
1557799591,ETH-DAI,uniswap,7.96612376838323,202.061998967512,,,,,,
1557799598,ETH-DAI,oasis,9.77598229053451,201.402120840906,,,,,,
1557799598,ETH-DAI,uniswap,9.75,201.938827345312,,,,,,
1557799598,ETH-DAI,uniswap,8,201.579087767,,,,,,
1557799598,ETH-DAI,uniswap,14.7782849377825,203.000552001142,,,,,,
1557799618,ETH-DAI,oasis,2.09833194124356,201.503095423578,,,,,,
1557799618,ETH-DAI,oasis,0.224017709465485,201.402120840906,,,,,,
1557799618,ETH-DAI,uniswap,2.32142684912934,201.573451842567,,,,,,
1557799633,ETH-DAI,oasis,14.801174878142,202.68661269791,,,,,,
1557799676,ETH-DAI,radarrelay,4.56172258882408,201.228856552068,,,,,,
1557799676,ETH-DAI,uniswap,4.55861533624044,201.366019942918,,,,,,
1557799683,ETH-DAI,oasis,3.97329598823144,199.3,,,,,,
1557799683,ETH-DAI,oasis,10,198.331768316951,,,,,,
1557799683,ETH-DAI,oasis,22.3272623289451,197.6,,,,,,
1557799683,ETH-DAI,oasis,14.8003000739211,202.698592935028,,,,,,
1557799708,ETH-DAI,uniswap,14.7862731346413,202.89088215012,,,,,,
1557799713,ETH-DAI,oasis,7.90166805875644,201.503095423578,,,,,,
1557799713,ETH-DAI,uniswap,7.88680802043897,201.8861782904,,,,,,
1557799730,ETH-DAI,radarrelay,3.43434671408459,201.228856552068,,,,,,
1557799730,ETH-DAI,uniswap,3.43078148919454,201.54387880886,,,,,,
1557799772,ETH-DAI,oasis,10,198.81613337594,,,,,,
1557799772,ETH-DAI,oasis,4.46026748410732,198.791958441398,,,,,,
1557799793,ETH-DAI,oasis,14.7890262570255,202.853112021142,,,,,,
1557799829,ETH-DAI,uniswap,14.7707474881588,203.104142319472,,,,,,
1557799879,ETH-DAI,oasis,14.7536146355857,203.34,,,,,,
1557799941,ETH-DAI,oasis,0.751882498324128,199.80116489818,,,,,,
1557799941,ETH-DAI,uniswap,0.400346574223383,202.324698686703,,,,,,
1557799969,ETH-DAI,oasis,14.7294180444135,203.674034571775,,,,,,
1557799969,ETH-DAI,oasis,2.99905722081111,202.155584524058,,,,,,
1557799969,ETH-DAI,oasis,12.0362301488255,202.23235,,,,,,
1557799969,ETH-DAI,uniswap,2.99560117538486,202.38881279524,,,,,,
1557799969,ETH-DAI,uniswap,14.7071294945899,203.982701118091,,,,,,
1557799969,ETH-DAI,uniswap,11.9998412071287,202.845609881221,,,,,,
1557800008,ETH-DAI,uniswap,2.25,203.127621425838,,,,,,
1557800008,ETH-DAI,uniswap,14.7082056555601,203.967776236928,,,,,,
1557800008,ETH-DAI,uniswap,0.99979911727625,203.028348393928,,,,,,
1557800019,ETH-DAI,airswap,3.94053735500412,203.017996767389,,,,,,
1557800028,ETH-DAI,oasis,4.01125707282518,202.306664,,,,,,
1557800028,ETH-DAI,uniswap,4,202.876009212417,,,,,,
1557800052,ETH-DAI,oasis,2.2,202.28,,,,,,
1557800052,ETH-DAI,uniswap,2.19584513171924,202.687179016571,,,,,,
1557800069,ETH-DAI,oasis,0.500000294963607,202.23235,,,,,,
1557800082,ETH-DAI,oasis,14.7294180444135,203.674034571775,,,,,,
1557800111,ETH-DAI,oasis,0.5,199.882,,,,,,
1557800164,ETH-DAI,oasis,14.7288256268169,203.682226676503,,,,,,
1557800174,ETH-DAI,uniswap,11.5665830403094,202.269469651007,,,,,,
1557800195,ETH-DAI,oasis,10.8265567237368,199.858,,,,,,
1557800195,ETH-DAI,oasis,3.5573938623788,199.882,,,,,,
1557800204,ETH-DAI,oasis,14.7288256268169,203.682226676503,,,,,,
1557800204,ETH-DAI,oasis,0.1,199.858,,,,,,
1557800204,ETH-DAI,uniswap,1.03315206363995,201.887028386839,,,,,,
1557800347,ETH-DAI,uniswap,11.5009655097934,203.423495010726,,,,,,
1557800351,ETH-DAI,radarrelay,4.00211908753844,202.326931693586,,,,,,
1557800351,ETH-DAI,uniswap,4,202.434118813497,,,,,,
1557800368,ETH-DAI,oasis,14.7899822520213,202.84,,,,,,
1557800376,ETH-DAI,oasis,24.5302457930628,203.83,,,,,,
1557800405,ETH-DAI,uniswap,14.7071363420301,203.982606146554,,,,,,
1557800410,ETH-DAI,oasis,5.22711378413291,202.892636791451,,,,,,
1557800410,ETH-DAI,uniswap,0.516312880501725,204.130874863285,,,,,,
1557800410,ETH-DAI,uniswap,5.2230176682158,203.051755546654,,,,,,
1557800414,ETH-DAI,radarrelay,5.99782093365243,202.326931693586,,,,,,
1557800414,ETH-DAI,uniswap,2,202.498531052863,,,,,,
1557800414,ETH-DAI,uniswap,5.98476003001353,202.741683862681,,,,,,
1557800421,ETH-DAI,oasis,24.5098039215686,204,,,,,,
1557800771,ETH-DAI,oasis,7.3501329225422,200.54407988314,,,,,,
1557800775,ETH-DAI,oasis,9.24811750167587,199.80116489818,,,,,,
1557800775,ETH-DAI,oasis,24.6438957070334,202.89,,,,,,
1557800775,ETH-DAI,oasis,15.0124383305922,199.834293,,,,,,
1557800775,ETH-DAI,oasis,2.6498670774578,200.54407988314,,,,,,
1557800775,ETH-DAI,oasis,14.78633742422,202.89,,,,,,
1557800775,ETH-DAI,oasis,1.25209011551904,199.858,,,,,,
1557800775,ETH-DAI,oasis,21.1442224822912,199.43522488314,,,,,,
1557800775,ETH-DAI,oasis,2.73259596616786,199.81,,,,,,
1557800789,ETH-DAI,oasis,24.6438957070334,202.89,,,,,,
1557800789,ETH-DAI,oasis,14.78633742422,202.89,,,,,,
1557800844,ETH-DAI,oasis,14.8412725896537,202.139,,,,,,
1557800844,ETH-DAI,oasis,8.85031636623141,200.54,,,,,,
1557800844,ETH-DAI,uniswap,8.85031636623141,202.169508962812,,,,,,
1557800876,ETH-DAI,radarrelay,4.7631049994105,201.613566407222,,,,,,
1557800876,ETH-DAI,uniswap,4.75971433852626,201.757190587293,,,,,,
1557800907,ETH-DAI,oasis,14.791280238266,202.822200085075,,,,,,
1557800916,ETH-DAI,oasis,5.75262291893754,198.977923387234,,,,,,
1557800932,ETH-DAI,uniswap,8.19719371756931,201.366272170157,,,,,,
1557800932,ETH-DAI,uniswap,24.6208087433855,203.080250210842,,,,,,
1557800935,ETH-DAI,oasis,1.08202955578578,201.648,,,,,,
1557800948,ETH-DAI,oasis,9.90141731526862,202.013893993451,,,,,,
1557800948,ETH-DAI,uniswap,35.3402925315693,200.94985662526,,,,,,
1557800948,ETH-DAI,uniswap,9.88676211254355,202.313343311808,,,,,,
1557800951,ETH-DAI,oasis,8.74833251789683,197.503000040168,,,,,,
1557800951,ETH-DAI,oasis,10,198.373244348972,,,,,,
1557800984,ETH-DAI,oasis,0.094319810295766,197.503000040168,,,,,,
1557800984,ETH-DAI,oasis,16.2979089666346,197.51,,,,,,
1557800984,ETH-DAI,oasis,21.1573476718074,197.503000040168,,,,,,
1557800984,ETH-DAI,oasis,24.7358341324423,197.301681363981,,,,,,
1557800984,ETH-DAI,uniswap,14.8852361308717,201.541982513671,,,,,,
1557801000,ETH-DAI,oasis,1.16126419951816,200.990228514919,,,,,,
1557801044,ETH-DAI,oasis,14.9625935162095,200.5,,,,,,
1557801044,ETH-DAI,oasis,20.01902915434,200.5,,,,,,
1557801044,ETH-DAI,radarrelay,19.9998,200.6927742,,,,,,
1557801058,ETH-DAI,oasis,5.00330583916704,200.5,,,,,,
1557801058,ETH-DAI,uniswap,5,200.632564150598,,,,,,
1557801066,ETH-DAI,oasis,2.06475811249316,200.5,,,,,,
1557801066,ETH-DAI,radarrelay,2.06256860076754,200.71284,,,,,,
1557801088,ETH-DAI,oasis,19.0759844221613,197.534198373172,,,,,,
1557801088,ETH-DAI,oasis,10,198.153351628311,,,,,,
1557801157,ETH-DAI,oasis,7.93894197453984,200.5,,,,,,
1557801157,ETH-DAI,uniswap,7.89029711013079,201.736112554177,,,,,,
1557801157,ETH-DAI,uniswap,24.6988283233621,202.438752743206,,,,,,
1557801169,ETH-DAI,oasis,9.74620036210341,200.912311,,,,,,
1557801169,ETH-DAI,uniswap,9.73203972760885,201.204652002653,,,,,,
1557801169,ETH-DAI,airswap,1.98862362986396,201.144145122807,,,,,,
1557801187,ETH-DAI,oasis,24.7420029479793,202.085498514919,,,,,,
1557801187,ETH-DAI,oasis,3.00549558939344,200.451639,,,,,,
1557801187,ETH-DAI,uniswap,2.99996030178217,200.821496385565,,,,,,
1557801211,ETH-DAI,uniswap,0.099637151554622,200.728339659889,,,,,,
1557801256,ETH-DAI,oasis,9.86681314029721,198.443,,,,,,
1557801256,ETH-DAI,oasis,17.1342468673277,197.780169664673,,,,,,
1557801256,ETH-DAI,oasis,10,198.404867358826,,,,,,
1557801260,ETH-DAI,oasis,0.004972531143008,200.5,,,,,,
1557801260,ETH-DAI,oasis,0.494504410606561,200.451639,,,,,,
1557801260,ETH-DAI,uniswap,0.498834186884862,200.710405832904,,,,,,
1557801299,ETH-DAI,uniswap,1.49998015089109,202.142656805148,,,,,,
1557801299,ETH-DAI,uniswap,24.6726751632848,202.653338841848,,,,,,
1557801340,ETH-DAI,radarrelay,9.9999,201.472526859551,,,,,,
1557801340,ETH-DAI,uniswap,9.9844353944956,201.795439926205,,,,,,
1557801386,ETH-DAI,oasis,24.6569881872207,202.782268541274,,,,,,
1557801421,ETH-DAI,oasis,22.7322906359816,197.938389152995,,,,,,
1557801421,ETH-DAI,oasis,10,198.653527199946,,,,,,
1557801421,ETH-DAI,oasis,3.52553624864838,198.835,,,,,,
1557801421,ETH-DAI,oasis,9.9999,202.15,,,,,,
1557801421,ETH-DAI,uniswap,9.97921520161908,202.685379348757,,,,,,
1557801421,ETH-DAI,uniswap,24.5751556488913,203.457510969033,,,,,,
1557801444,ETH-DAI,radarrelay,9.999800001,201.661939085886,,,,,,
1557801444,ETH-DAI,uniswap,9.98200952524527,202.079164837941,,,,,,
1557801503,ETH-DAI,uniswap,0.093299712320232,201.773652616648,,,,,,
1557801542,ETH-DAI,oasis,9.86193293885602,202.8,,,,,,
1557801542,ETH-DAI,oasis,7.92395995417668,199.900083011447,,,,,,
1557801617,ETH-DAI,oasis,2.07604004582332,199.900083011447,,,,,,
1557801617,ETH-DAI,oasis,10.0026349941365,199.947314,,,,,,
1557801617,ETH-DAI,oasis,23.9762057555046,199.036205094204,,,,,,
1557801748,ETH-DAI,oasis,21.4579971844134,205,,,,,,
1557801748,ETH-DAI,oasis,0.1,204,,,,,,
1557801748,ETH-DAI,oasis,10,204.245166274842,,,,,,
1557801748,ETH-DAI,oasis,10,204.608611621657,,,,,,
1557801748,ETH-DAI,oasis,10.1,203.747,,,,,,
1557801748,ETH-DAI,oasis,493.251066737155,204.33,,,,,,
1557801748,ETH-DAI,oasis,0.2,204.2,,,,,,
1557801748,ETH-DAI,oasis,10.90074,204.23,,,,,,
1557801748,ETH-DAI,oasis,1,204,,,,,,
1557801748,ETH-DAI,oasis,5.49019607843137,204,,,,,,
1557801748,ETH-DAI,oasis,10,203.806,,,,,,
1557801748,ETH-DAI,oasis,50,204.28,,,,,,
1557801748,ETH-DAI,ddex,7.28,203.01,,,,,,
1557801804,ETH-DAI,ddex,7.27,203.01,,,,,,
1557801821,ETH-DAI,uniswap,2,203.0478604832,,,,,,
1557801879,ETH-DAI,oasis,5.02439024390244,205,,,,,,
1557801879,ETH-DAI,uniswap,0.000109051391113,203.109003651794,,,,,,
1557801880,ETH-DAI,uniswap,15.1582907997973,203.572197628983,,,,,,
1557801930,ETH-DAI,oasis,0.100000017635578,205,,,,,,
1557801951,ETH-DAI,uniswap,6.79444602123698,204.246621703497,,,,,,
1557801974,ETH-DAI,oasis,10.0487804878049,205,,,,,,
1557801974,ETH-DAI,uniswap,1.99590778023822,204.517719028502,,,,,,
1557801978,ETH-DAI,radarrelay,2.5642509730827E-05,204.174410000006,,,,,,
1557801978,ETH-DAI,radarrelay,2.5642509730827E-05,204.849372415018,,,,,,
1557801978,ETH-DAI,radarrelay,2.55577641175889,204.849372415018,,,,,,
1557801978,ETH-DAI,radarrelay,2.56422533059807,204.17441,,,,,,
1557801994,ETH-DAI,radarrelay,4.37277028099505,204.849372415018,,,,,,
1557801994,ETH-DAI,uniswap,4.37565464347145,204.714338942029,,,,,,
1557802006,ETH-DAI,uniswap,8,205.097114107082,,,,,,
1557802069,ETH-DAI,oasis,6.63116793375628,205,,,,,,
1557802069,ETH-DAI,oasis,3.36883206624372,205,,,,,,
1557802076,ETH-DAI,oasis,7.60487804878049,205,,,,,,
1557802076,ETH-DAI,oasis,9.99299793656138,204.64329253166,,,,,,
1557802096,ETH-DAI,uniswap,1.00026442784541,204.084553623785,,,,,,
1557802118,ETH-DAI,oasis,10,205,,,,,,
1557802143,ETH-DAI,oasis,1.5150065537128,205,,,,,,
1557802143,ETH-DAI,oasis,10,205,,,,,,
1557802143,ETH-DAI,oasis,1.5078051011708,205,,,,,,
